2940 4628
164 243 230 306 960
650 237 793 306 Euodii

169 440 230 514 ipse
262 439 338 499 siout
366 442 450 514 peter
480 440 721 499 incommutabilis
752 439 879 513 suscepit
906 440 1048 499 hominem
1077 441 1236 514 mortalem,
1260 445 1295 501 ut

166 530 280 604 integra
303 531 333 588 et
353 528 493 588 inuiolata
515 530 621 587 deitate
643 529 674 587 in
697 540 781 587 carno
804 527 918 588 mortali
941 530 1057 589 doceret
1082 531 1217 590 mortales
1239 524 1305 605 per‘

162 617 334 693 patientiam
365 618 484 676 mortem
516 617 631 676 uincere
665 619 694 676 et
723 617 814 692 ipsius
841 617 969 676 infirmae
997 618 1091 678 earnis
1113 619 1237 680 futuram
1259 619 1292 679 in

162 706 263 766 melius
287 707 528 766 conmutationem
550 706 757 766 resurreetione
779 708 974 766 monstraret?

206 791 259 856 22.
283 796 352 855 Oum
376 813 443 870 ergo
468 797 545 854 esset
565 813 617 870 per
639 796 782 870 seipsum
799 795 963 867 inuisibilis,
982 794 1104 855 nisibilis
1127 795 1157 855 in
1172 796 1290 857 homine
1315 809 1335 848 '5

164 882 307 958 adpamit,
332 901 416 959 quem
439 886 474 943 de
497 883 604 943 femina
626 884 771 958 suscipere
795 883 929 961 dignatus
952 888 1005 956 est,
1029 886 1113 943 utin
1136 884 1288 961 euangelio

160 970 291 1048 legImus.
316 973 388 1032 dieit
410 977 439 1032 et
461 973 628 1047 apostolus:
652 974 784 1032 fautum
808 972 847 1031 de
869 973 1023 1032 muliere.
1049 977 1077 1032 et
1098 967 1148 1034 isti
1171 974 1286 1033 mount:

161 1075 248 1133 quare
271 1079 329 1122 non
352 1061 394 1120 ait
416 1079 450 1120 ex
466 1061 602 1137 uirgine?
619 1079 678 1121 nou
695 1061 906 1138 intellegentes,
927 1063 1005 1136 quod
1023 1064 1158 1122 consueto
1177 1063 1288 1123 dietum

161 1149 200 1207 sit
216 1152 374 1210 seeundum
391 1151 594 1225 proprietalem
612 1151 727 1225 linguae
745 1167 828 1208 usum
845 1150 1060 1225 seripturamm,
1080 1152 1156 1211 sieut
1170 1152 1205 1210 de
1223 1153 1288 1211 Eua

161 1238 268 1298 dietum
292 1242 354 1298 est:
377 1239 552 1298 formauit
574 1257 648 1297 eam
671 1239 705 1297 in
728 1238 917 1310 mulierem,
942 1242 1094 1313 autequam
1116 1239 1163 1300 uel
1186 1242 1286 1300 osten·
1304 1255 1329 1295 ιο

162 1328 276 1386 deretur
297 1327 370 1387 uiro.
394 1328 524 1402 quamuis
546 1328 637 1387 Maria
658 1344 717 1387 non
738 1327 895 1402 incongrue
913 1329 1032 1403 propter
1048 1331 1162 1402 partum
1180 1329 1287 1389 dieitur

160 1416 279 1487 mulier,
311 1417 393 1492 uirgo
425 1432 504 1487 uero,
537 1417 615 1490 quod
645 1416 757 1476 uirilem
788 1416 924 1476 nescierit
950 1417 1168 1477 conuentionem
1190 1434 1286 1492 neque

160 1505 297 1579 pariendo
311 1506 463 1580 uirginitas
478 1505 539 1565 eius
553 1507 688 1579 oorruptu
700 1505 747 1566 sit.
764 1505 842 1578 quod
855 1507 950 1564 autem
960 1505 1084 1580 angelus
1098 1508 1127 1565 et
1134 1506 1286 1566 Elisabeth

161 1592 293 1652 diremnt
313 1595 440 1655 Mariae:
464 1585 658 1653 benedicta
680 1595 715 1652 tu
737 1593 1025 1665 intermulieres,
1049 1595 1129 1654 nulla
1151 1595 1284 1669 quaestio

161 1682 214 1753 est,
238 1682 306 1755 quie
328 1700 429 1742 reuera
449 1682 603 1742 benedicta
625 1685 670 1742 ost
691 1681 772 1756 uirgo
795 1682 871 1742 inter
893 1683 1035 1742 mulieres.
1055 1684 1107 1742 sed
1123 1701 1160 1743 ue
1179 1683 1284 1748 dicatis
1304 1697 1329 1737 ns

162 1770 258 1843 „sieut
278 1772 375 1846 angeli
397 1773 591 1847 adparuerunt
612 1771 654 1830 sio
675 1771 764 1841 habet
794 1783 911 1846 eorpus,-
930 1789 966 1830 ne
994 1771 1029 1832 de
1055 1771 1162 1831 femina
1182 1789 1285 1832 nasos-

159 1860 266 1920 retur.¹‘
300 1860 392 1934 quid?
424 1861 450 1919 si
480 1860 564 1919 uobis
592 1860 720 1919 dicatur:
753 1859 803 1918 ubi
828 1859 941 1936 legistis
969 1860 1112 1920 christum
1138 1857 1168 1919 iu
1196 1877 1284 1922 earne

158 1948 408 2009 uenissetnonne
428 1948 531 2008 dieturi
550 1949 638 2008 estis:
661 1948 692 2006 in
710 1948 883 2022 euangelio?
905 1950 1096 2031 respondetur
1113 1966 1180 2024 ergo
1198 1950 1284 2010 uobis

158 2037 199 2096 ibi
223 2054 286 2097 esse
308 2037 446 2112 seriptum
469 2037 612 2097 Christum
634 2039 732 2096 natum
756 2037 790 2096 de
813 2037 934 2112 uirgine.
958 2039 1011 2097 sed
1033 2037 1119 2097 solita
1141 2037 1282 2098 foeditate

159 2126 260 2185 dicetis
282 2127 452 2202 scripturam
474 2127 566 2201 ipsam
588 2125 691 2185 falsam
714 2143 787 2185 esse.
810 2142 864 2187 nes
886 2126 991 2185 uidetis
1014 2126 1138 2200 aliquem
1159 2126 1283 2205 similem
1300 2139 1326 2179 ιι

158 2215 242 2274 uobis
265 2232 379 2274 oaeoum
397 2215 452 2274 hoe
469 2231 554 2289 posse
576 2213 681 2285 fauore,
699 2216 732 2272 ut
754 2232 796 2285 ea,
816 2230 888 2288 quae
910 2231 963 2274 uos
986 2213 1114 2274 dixemtm
1135 2230 1213 2288 uera,
1231 2216 1283 2274 ille

157 2298 232 2362 falsa
254 2320 318 2362 esse
341 2303 427 2376 dieat,
452 2304 576 2376 atquae
599 2302 695 2362 dicitis
716 2302 799 2374 falsa,
822 2303 871 2361 ille
893 2320 963 2362 uera
985 2320 1048 2362 esse
1072 2301 1149 2362 dieat
1182 2322 1216 2363 ao
1239 2304 1283 2364 sio

158 2392 294 2466 aperiatis
315 2392 420 2451 ianuas
439 2391 516 2451 omni
536 2391 683 2450 hominum
706 2392 795 2451 errori
817 2392 864 2450 uel
886 2391 997 2463 sceleri,
1020 2393 1053 2450 ut
1074 2391 1280 2466 unusquisque,

157 2483 244 2554 prout
255 2480 380 2541 uoluerit
392 2481 438 2539 uel
454 2480 616 2540 deleotatns
633 2479 729 2551 fuerit,
744 2480 822 2554 ipsas
841 2479 953 2557 diuinas
971 2480 1128 2555 scripturas
1146 2480 1280 2555 accipiat,

158 2571 275 2643 respuat
299 2586 377 2640 uero,
401 2585 474 2643 quae
503 2586 563 2628 nou
589 2568 760 2643 intellegens
783 2571 812 2627 et
834 2569 958 2628 offensus
984 2569 1130 2644 putauerit
1153 2568 1230 2628 mala
1252 2573 1283 2629 et
1298 2578 1324 2620 ιι

157 2657 215 2718 non
236 2657 398 2717 inueniatur
422 2658 493 2716 haee
520 2658 628 2731 regula,
652 2674 762 2717 errores
782 2657 872 2716 uestri
893 2657 969 2716 unde
992 2658 1065 2717 tales
1092 2660 1280 2731 coiungantur.

201 2742 255 2808 23.
283 2745 413 2820 Aooipite
439 2747 549 2820 integre
577 2745 730 2806 eanonioas
751 2745 917 2824 scripturas,
941 2745 966 2804 si
988 2745 1096 2823 integri
1116 2762 1179 2806 esse
1202 2746 1280 2805 desi·

159 2835 274 2897 deratis.
298 2834 421 2894 sienim
443 2834 648 2910 intellegeretis
670 2835 717 2893 uel
740 2833 893 2894 crederetis
917 2835 1002 2906 uerte,
1026 2834 1104 2907 quod
1131 2834 1280 2908 apostolus

159 2923 238 2995 dixit,
261 2940 314 2998 per
334 2922 468 2988 feminam
490 2924 619 2987 nostrum
646 2940 736 2998 genus
762 2921 851 2982 fuisse
879 2923 1028 2997 deceptum
1050 2923 1157 2980 —ait
1183 2923 1278 2982 enim:

157 3011 272 3083 timeo,
292 3024 332 3070 ne
351 3012 615 3087 sieutserpens
633 3012 741 3071 Euam
764 3011 906 3070 seduxit
927 3010 1060 3069 astutia
1081 3027 1152 3082 sua,
1169 3011 1224 3070 sio
1243 3014 1281 3072 et
1295 3021 1323 3060 ³⁰

158 3102 298 3160 uestrae
333 3101 463 3165 mentes
498 3101 769 3174 corrumpantur
799 3132 842 3141 —
879 3099 997 3173 possitis
1028 3099 1194 3174 intellegere
1226 3118 1279 3175 per

246 3319 313 3375 ecs.
332 3321 431 3375 Ιιιιο.2
506 3319 629 3374 tuerat.
647 3321 709 3385 4‚4
782 3320 814 3374 10
832 3317 896 3372 Gen.
915 3318 941 3383 2,
960 3319 994 3372 22
1066 3319 1099 3371 14
1115 3318 1179 3373 Luc.
1199 3323 1222 3385 1,
1241 3321 1278 3373 42

157 3390 411 3456 301100r.11‚3

192 3515 342 3585 tintegru]
360 3515 465 3585 integra
481 3515 556 3585 ipsae
573 3515 601 3568 P
680 3513 833 3567 tuineeret
854 3513 881 3566 V
948 3513 1037 3566 futura
1054 3513 1082 3566 P
1118 3573 1121 3578 ,
1154 3514 1277 3580 dresur·

157 3588 325 3656 rectionequo
355 3585 392 3639 Vs
479 3587 495 3640 9
539 3585 712 3655 ropn‘etatem·
736 3584 844 3654 linguae
870 3583 970 3637 ommno
995 3599 1060 3639 uoce
1085 3600 1162 3638 usum
1192 3583 1280 3637 VPM

158 3660 190 3713 11
209 3658 369 3728 incongruoe
387 3657 415 3710 P
476 3657 508 3711 13
521 3603 677 3710 {elisabeth
695 3656 748 3723 (pr.
766 3654 784 3707 h
802 3669 824 3707 e.
844 3655 875 3721 l.)
894 3654 924 3708 F
981 3655 1014 3707 14
1031 3655 1060 3708 in
1078 3653 1231 3708 mulieribus
1249 3656 1278 3709 P

158 3731 190 3783 15
208 3729 348 3783 benedicta
366 3745 395 3782 es
411 3727 440 3780 P
504 3727 537 3781 16
555 3726 648 3795 habet]
666 3725 743 3780 abere
761 3725 788 3779 P
859 3726 890 3778 17
910 3723 974 3796 quid
991 3741 1042 3778 om.
1060 3725 1088 3778 P
1150 3724 1276 3779 incarne

157 3816 207 3854 om.
225 3799 308 3854 FVP
377 3797 475 3867 191111
494 3797 540 3852 ubi
558 3796 616 3851 FV
692 3796 815 3850 foeritate
832 3795 860 3848 P
928 3796 963 3850 20
980 3795 1085 3850 dicento
1103 3795 1232 3866 scriptura
1248 3795 1278 3850 P

158 3871 248 3942 aliqud
269 3870 297 3924 V
364 3871 397 3924 21
416 3869 534 3940 caecum]
552 3871 639 3922 cetum
662 3867 689 3921 V
774 3865 807 3921 ad
826 3875 905 3920 eaeod
922 3866 969 3921 eut
985 3883 1063 3936 posse
1080 3867 1109 3920 P
1211 3865 1275 3920 illee

159 3941 354 4010 (postuers)P
404 3940 498 3994 221111
512 3943 590 4007 (arete
603 3935 891 4008 uereJJiIIaF¹MPV
940 3954 998 3993 esse
1011 3953 1032 3993 s.
1048 3939 1065 3993 l.
1080 3937 1107 3992 V
1138 3937 1173 3991 23
1191 3937 1275 4006 omni]

157 4012 287 4066 homniP
304 4020 376 4067 omld
392 4010 451 4065 FV
500 4010 593 4064 erroris
607 4009 634 4062 P
668 4009 702 4062 24
720 4008 765 4063 uel
783 4007 941 4078 delectatus]
959 4012 987 4063 et
1000 4007 1051 4063 del.
1064 4009 1093 4062 P
1126 4007 1160 4062 25
1173 4008 1274 4062 intelli·

158 4100 251 4154 gerens
268 4084 296 4137 P
346 4083 381 4136 26
398 4083 462 4164 non]
480 4097 533 4136 non
551 4082 604 4135 iam
627 4079 711 4134 VPM
775 4079 828 4133 *heo
846 4079 939 4149 regula
956 4079 989 4132 Μ
1005 4080 1078 4134 mala
1095 4094 1125 4132 ex
1143 4079 1236 4149 regule
1249 4080 1277 4133 P

156 4154 251 4211 erroris
268 4154 327 4208 PM
380 4153 414 4207 29
433 4151 499 4207 dreit
515 4152 543 4205 P
594 4152 723 4220 doenum
740 4148 771 4203 F
820 4150 853 4204 31
873 4149 987 4220 possetis
1004 4147 1077 4204 EVM
