2940 4628
463 273 521 328 vn.
549 273 691 328 contra
717 273 886 329 noricam
913 274 979 329 mn.
997 275 1030 330 11.
1230 259 1297 343 '843

176 469 408 535 commutabilis
439 468 517 535 facit
546 469 598 552 pia
630 468 727 533 fides:
760 488 778 532 a
805 485 866 550 qua
896 470 957 534 fide
989 469 1132 552 quisquis
1163 469 1298 551 incipere

177 574 324 654 noluerit,
353 576 507 659 superbus
533 575 610 640 foris
637 574 811 639 remanebit
838 578 870 640 et
896 575 942 652 ad
960 575 1004 655 id,
1031 594 1092 658 quo
1119 574 1222 640 tendit
1247 575 1299 638 uel

177 701 238 766 quo
261 683 335 746 uult
360 682 534 767 peruenire,
561 681 692 764 perduci
715 699 777 745 non
803 681 928 764 poterit.
962 680 1018 746 sed
1050 681 1123 764 quia
1152 680 1216 743 iam
1244 680 1301 745 illa

175 786 298 854 falsitas
320 788 490 852 manifesta
512 789 571 865 est,
590 786 755 854 anathema
775 785 957 865 falsitatem,
980 790 1018 853 ut
1038 787 1142 871 possis
1163 786 1299 869 incipere

153 896 272 978 captus
296 913 365 958 esse
389 893 428 957 ad
452 892 700 976 cognoscendam
722 892 896 956 ueritatem.

222 1001 272 1065 14.
304 999 383 1064 Fun.
407 999 501 1063 dixit:
535 998 614 1064 Cum
638 998 817 1083 adparuerit
837 998 937 1076 mihi;
966 999 1040 1080 quia
1061 999 1140 1062 mihi
1163 1018 1224 1064 non
1247 999 1298 1063 ad-

175 1108 274 1188 paret,
285 1106 358 1188 quia
367 1106 465 1170 altera
482 1104 560 1168 mihi
578 1123 639 1169 non
653 1106 780 1170 ostensa
793 1105 851 1183 est,
871 1123 932 1169 non
946 1123 1076 1188 possum
1091 1105 1296 1172 anathemare.

156 1267 157 1271 ,
219 1210 304 1277 Auo.
324 1211 419 1276 dixit:
441 1210 698 1275 Anathemandus
717 1214 766 1275 est
784 1228 876 1289 error,
897 1210 950 1293 qui
969 1210 1047 1276 dicit
1064 1210 1297 1294 corruptibilem

177 1317 281 1396 deum,
305 1336 342 1381 an
365 1337 426 1383 non
451 1320 500 1382 ost
522 1317 793 1381 anathemandus?
1214 1299 1215 1302 ¹

143 1439 167 1478 1⁰
223 1422 303 1488 Ful.
326 1422 421 1487 dixit:
445 1423 564 1487 Iterum
588 1423 647 1487 dic.

218 1529 305 1595 ΑΗΘ.
324 1529 420 1593 dixit:
442 1530 698 1595 Anathomandus
718 1531 767 1594 est
785 1548 878 1607 error,
898 1529 951 1611 qui
971 1528 1048 1594 dicit
1064 1529 1297 1612 corruptibilem

178 1633 282 1712 doum,
306 1648 353 1698 an‘
367 1653 428 1699 non
452 1643 502 1700 est
523 1635 793 1699 anathemandus?
1060 1629 1062 1635 ’

219 1740 299 1806 FEL.
324 1740 420 1804 dixit:
445 1738 627 1819 Quaeratur,
652 1741 680 1805 si
702 1741 787 1805 dicit.
1313 1804 1316 1811 ,

218 1848 304 1912 Aoo.
333 1847 427 1911 dixit:
460 1848 527 1929 ligo
554 1847 615 1912 hoc
641 1846 851 1930 interrogaui:
880 1846 933 1929 qui
960 1845 1037 1910 dicit
1063 1845 1296 1929 corruptibilem

141 1965 164 2005 ¹⁶
179 1955 283 2031 deum,
307 1953 554 2042 anathemandus
577 1955 635 2031 est,
659 1971 697 2016 an
720 1956 805 2017 non?
1038 2024 1040 2027 ,

218 2060 297 2125 Fun.
325 2058 420 2123 dixit:
454 2055 515 2136 Qui
547 2059 623 2122 dicit
654 2057 887 2141 corruptibilem
919 2058 1021 2136 deum,
1050 2056 1296 2121 anathemandus

52 2173 54 2176 ’
176 2168 226 2230 est
249 2217 257 2233 .
279 2166 340 2231 hoc
361 2165 440 2250 mihi
464 2165 587 2229 obicis?

134 2291 136 2295 ’
218 2266 304 2338 AUG.
328 2270 422 2335 dixit:
446 2271 516 2336 Hoc
537 2271 705 2355 interrogo.

93 2422 96 2427 -
218 2375 298 2440 Pleu.
320 2373 426 2439 dixit:
464 2372 706 2457 Corruptibilem
737 2373 831 2438 deum
862 2373 952 2452 dicis,
983 2390 1044 2438 non
1075 2375 1180 2438 autem
1212 2373 1296 2454 quod

139 2481 277 2564 ”primo
301 2463 418 2559 dixisti,
441 2480 515 2562 quia
536 2482 656 2563 partem
680 2497 769 2542 suam
793 2478 880 2543 dedit
901 2477 1112 2543 aduersariis?

218 2587 304 2652 Asc.
336 2585 431 2651 dixit:
468 2584 597 2649 Interim
629 2583 713 2666 quod
743 2583 900 2668 interrogo
931 2584 1101 2665 responde:
1134 2583 1188 2665 qui
1220 2581 1296 2648 dicit

123 2754 126 2758 ,
176 2691 413 2774 corruptibilem
436 2691 531 2755 deum
553 2709 633 2768 esse,
656 2689 901 2754 anathemandus
924 2692 981 2768 est,
1005 2693 1151 2755 annon?
1208 2728 1214 2741 ·

121 2850 123 2854 ,
217 2795 415 2860 emunit:
438 2795 548 2861 Ualde.
1078 2785 1080 2793 ’

217 2903 303 2968 AUG.
329 2901 422 2966 dixit:
453 2899 515 2980 Qui
542 2899 620 2965 dicit
646 2899 880 2984 corruptibilem
908 2918 977 2965 esso
1004 2902 1145 2964 naturam
1168 2902 1200 2964 et
1222 2899 1294 2964 sub·

34 3027 37 3031 ·
137 3033 163 3074 :s
178 3009 328 3073 stantiam
351 3007 412 3087 dei,
435 3006 680 3072 anathemandus
704 3008 763 3085 ost,
786 3024 824 3069 an
847 3005 933 3072 non?

217 3113 298 3179 Fun.
321 3112 417 3176 dixit:
440 3111 511 3176 Non
532 3110 681 3189 intellexi,
705 3110 788 3193 quod
811 3109 925 3174 dixisti.
1338 3160 1340 3166 s

216 3218 304 3285 ΑΗΘ.
333 3217 428 3282 dixit:
461 3218 531 3282 Hoc
562 3217 643 3294 dico,
676 3216 761 3299 quod
792 3215 892 3281 omnis
923 3214 1016 3280 homo
1046 3211 1213 3301 intellegit,
1241 3217 1294 3299 qui

173 3343 235 3390 non
259 3343 293 3389 se
316 3323 408 3408 fingit
425 3342 486 3388 non
503 3322 704 3405 intellegere:
728 3322 870 3386 naturam
894 3323 927 3386 et
949 3320 1157 3387 substantiam
1174 3306 1240 3401 dei,
1262 3321 1295 3394 id

33 3490 36 3494 .
174 3431 224 3494 est
252 3429 334 3494 illud
365 3429 481 3511 ipsum,
510 3426 659 3510 quicquid
686 3428 736 3492 est
762 3425 850 3505 deus,
878 3425 932 3508 qui
950 3425 1294 3510 dicit-corruptibilem

135 3562 161 3602 so
176 3553 258 3613 esse,
281 3533 528 3599 anathemandus
551 3534 610 3611 est,
633 3551 672 3595 an
694 3532 781 3600 non?
1006 3535 1007 3539 ’

207 3793 360 3848 ἳιιοΙιιοτίῐ
379 3792 413 3860 (i)
432 3792 461 3846 R
528 3790 671 3861 dperduoi
689 3790 774 3846 onab
840 3749 1091 3849 condonamus
1109 3792 1218 3863 (ubique
1239 3794 1293 3848 tiae

170 3884 396 3951 m.2sapcracr,)
442 3878 682 3950 bcognoscendub
727 3879 914 3950 tparetPRb
950 3880 1032 3935 'inon
1046 3881 1177 3936 attosti
1229 3899 1292 3939 ana·

171 3969 347 4025 thematiaare
365 3970 381 4024 b
399 3969 508 4040 (ubique
519 3968 614 4035 forma
632 3967 722 4021 acics
747 3966 779 4020 in
805 3967 898 4036 more)
952 3968 986 4024 10
1004 3975 1056 4024 tres
1072 3984 1167 4024 wear
1192 3970 1256 4042 inde
1273 3989 1292 4026 a

172 4057 256 4128 ,Felix
274 4057 349 4112 dixit·
375 4073 460 4127 aspice
481 4056 520 4110 ad
537 4053 762 4125 ,anathemandud
785 4072 835 4111 om.
852 4056 880 4112 R
933 4056 967 4112 22
985 4057 1028 4128 an]
1047 4058 1139 4113 autl'
1189 4060 1222 4113 a?
1238 4059 1292 4116 uisi

172 4145 219 4216 qui
237 4162 266 4200 so
284 4145 366 4216 fingit
381 4145 425 4199 Po
479 4144 513 4197 29
532 4157 589 4196 oeae
609 4141 806 4215 corruptibilem
824 4143 893 4200 PRd
947 4144 981 4199 80
999 4152 1084 4201 anno
1103 4147 1151 4202 eb
