2940 4628
674 631 760 697 Vlll.

447 746 501 810 DE
524 745 694 811 NATURA
716 742 818 808 ΒΟΝΙ
840 744 975 810 LIBER.
1037 771 1040 776 ·

194 873 223 936 1.
257 870 422 936 Summum
444 870 572 947 bouum,
602 887 663 951 quo
687 868 830 951 superius
859 887 921 933 uon
950 871 1008 946 est,
1037 867 1115 931 dous
1143 868 1208 942 ost;
1238 884 1274 930 oo

146 996 202 1061 por
234 977 294 1042 hoo
324 975 583 1041 incommutabile
611 976 729 1042 bonum
758 976 822 1050 est;
854 974 925 1039 ideo
952 992 1027 1038 noro
1055 976 1215 1038 aotamum
1243 974 1275 1036 et

107 1085 126 1143 ,ὅ
149 1101 222 1148 uara
244 1081 421 1147 inmortale.
446 1084 550 1146 ostana
581 1080 686 1154 omnia
710 1080 793 1146 bona
823 1069 948 1145 nonnisi
971 1078 1009 1141 ab
1032 1077 1088 1142 illo
1112 1080 1196 1156 sunt,
1220 1077 1276 1142 sed

146 1207 209 1253 uon
234 1187 272 1252 de
294 1187 361 1252 illo.
395 1187 432 1251 de
455 1186 511 1253 illo
535 1185 618 1250 onim
646 1184 729 1268 quoi
758 1187 816 1262 est,
845 1184 905 1250 hoo
933 1183 1018 1266 quod
1043 1183 1112 1265 ipso
1141 1187 1207 1259 ost3
1236 1183 1274 1256 ab

62 1280 64 1284 ὗ
146 1294 202 1359 illo
226 1297 332 1359 autom
356 1311 435 1375 quae
458 1281 647 1370 factasunt,
671 1293 732 1356 nou'
756 1293 831 1356 sunt
854 1290 937 1373 quod
959 1291 1038 1374 ipso.
1072 1307 1108 1353 ao
1134 1307 1189 1372 por
1215 1289 1276 1355 hoo

148 1400 175 1465 si
199 1399 288 1464 solus
311 1398 380 1482 ipso
402 1397 681 1476 iucommutabilis,
705 1398 809 1462 omnia
827 1415 905 1478 qnae
924 1397 1009 1474 fouit,
1030 1395 1103 1478 quia
1121 1414 1157 1461 or
1174 1394 1272 1460 nihilo

147 1505 232 1584 facit,
260 1504 427 1569 mutabilia
455 1508 538 1592 sunt.
572 1496 639 1568 'tam
670 1504 752 1569 onim
784 1503 981 1587 omnipotens
1015 1505 1073 1576 ost,
1105 1505 1142 1566 ut
1172 1502 1275 1584 possit

107 1613 130 1650 ¹⁰
150 1610 244 1675 etiam
277 1611 315 1675 do
347 1605 456 1689 nihilo,
479 1609 513 1674 id
540 1612 589 1676 ost
617 1629 652 1674 ex
679 1628 726 1686 eo,
755 1609 839 1692 quod
865 1610 990 1675 omuino
1017 1628 1079 1674 non
1108 1612 1166 1685 est,
1194 1608 1277 1674 bona

92 1707 95 1712 ’
148 1717 260 1795 facore,
285 1721 317 1781 et
339 1736 453 1801 magna
476 1719 509 1781 ot
529 1735 635 1800 parua,
655 1721 688 1781 ot
706 1717 855 1781 caelestia
874 1721 905 1780 et
922 1719 1053 1794 terrena,
1074 1719 1106 1780 et
1124 1714 1277 1798 spiritalia

151 1826 182 1886 et
204 1823 385 1905 corporalia.
410 1822 485 1905 qnia
506 1841 581 1888 uoro
605 1824 637 1887 ot
658 1821 763 1887 iustus
787 1825 845 1900 ost,
870 1821 908 1899 ei,
932 1821 1015 1905 quod
1038 1820 1076 1886 do
1099 1840 1132 1886 se
1156 1819 1275 1905 genuit,

151 1943 197 2012 aa,
221 1946 300 2009 quae
324 1927 362 1992 do
385 1928 483 1994 nihilo
506 1928 591 2006 fooit,
615 1946 677 1993 non
700 1928 856 2010 aequauit.
881 1927 954 2010 quia
972 1945 1045 2011 orgo
1063 1927 1144 1991 bona
1163 1927 1275 2006 omnia,

150 2033 219 2099 siue
242 2052 355 2117 magna
378 2033 446 2099 sius
468 2052 575 2116 parua,
598 2052 653 2118 par
676 2033 835 2116 quoslibet
855 2052 959 2121 rerum
983 2033 1097 2118 gradus
1120 2051 1181 2097 uon
1203 2053 1297 2119 pos-v

107 2139 131 2178 ¹⁶
150 2144 227 2204 sunt
245 2158 315 2205 osso
338 2140 399 2205 nisi
423 2158 441 2204 a
463 2141 539 2216 doo;
565 2141 665 2206 omnis
685 2143 791 2204 autem
809 2143 928 2218 natura,
946 2140 978 2204 iu
997 2143 1149 2222 qnantum
1167 2142 1277 2204 natura

152 2249 209 2323 ost,
232 2246 351 2311 bonum
375 2249 441 2312 est:
467 2247 567 2312 omnis
590 2251 702 2311 natura
723 2265 785 2311 uon
808 2248 914 2329 potest
936 2264 1006 2311 ossa
1028 2245 1089 2310 uisi
1112 2265 1130 2309 a
1153 2264 1275 2310 summo

153 2354 184 2416 at
211 2369 286 2415 uero
315 2349 383 2428 deo,
411 2351 486 2433 quia
513 2351 617 2416 omnia
646 2352 740 2416 otiam
767 2370 828 2417 uon
857 2340 980 2416 summa
1007 2352 1097 2430 bona,
1126 2352 1181 2417 sad
1208 2371 1277 2435 pro·

27 2497 35 2512 ,
151 2457 269 2539 pinqua
291 2475 415 2522 summo
438 2457 520 2521 bono
545 2458 577 2520 et
598 2474 711 2521 mrsus.
735 2456 839 2522 omnia
866 2458 959 2521 etiam
987 2458 1160 2524 nouissima
1185 2460 1276 2537 bona,
1374 2543 1375 2546 Ἴ

153 2581 232 2645 quaa
262 2563 357 2646 longo
390 2564 466 2627 snut
493 2580 511 2626 a
538 2581 662 2628 summo
690 2563 782 2638 bono,
810 2582 870 2628 nou
898 2568 1031 2647 possunt
1060 2583 1128 2629 esse
1156 2564 1216 2629 nisi
1239 2564 1277 2627 ab

110 2665 136 2705 ²⁰
152 2668 221 2768 ipso
250 2687 373 2733 summo
400 2669 493 2734 bono.
518 2668 619 2735 omnis
651 2687 724 2752 argo
756 2669 895 2753 spiritus,
925 2670 1019 2734 etiam
1045 2670 1218 2749 mutabilis,
1247 2673 1280 2735 et

154 2794 247 2841 omna
279 2793 393 2858 corpus
426 2793 444 2838 a
476 2774 552 2839 dso:
586 2775 665 2840 haao
696 2777 745 2839 est
777 2775 878 2841 omnis
909 2776 992 2841 fosta
1023 2778 1142 2842 natura.
1176 2777 1278 2842 omnis

154 2881 269 2964 quippo
291 2883 405 2945 natura
428 2884 484 2944 aut
507 2881 636 2963 spiritus
660 2883 715 2945 aut
737 2900 849 2965 oorpus
873 2884 930 2947 ost.
956 2883 1085 2966 spiritus
1106 2883 1279 2948 inoommu-

154 2987 261 3052 tabilis
285 2987 362 3052 dous
387 2990 445 3065 εει,
470 2987 601 3070 spiritus
623 2988 787 3052 mutabilis
810 2987 893 3052 faota
914 2990 1025 3051 natura
1048 2990 1106 3065 ast,
1135 2988 1191 3052 sod
1214 3007 1278 3054 oor-

154 3111 228 3176 poro
246 3091 376 3169 melion
400 3111 513 3176 corpus
537 3096 643 3158 autam
667 3093 796 3177 spiritus
819 3108 880 3158 uon
905 3096 962 3171 est,
981 3093 1042 3159 uisi
1061 3113 1133 3159 oum
1150 3097 1276 3170 uentus,

36 3275 39 3281 .
111 3195 137 3236 ’ὅ
156 3196 230 3280 quia
252 3196 341 3263 nobis
363 3196 534 3263 inuisibilis
559 3200 617 3278 ost,
642 3201 673 3262 et
695 3195 799 3263 tamen
828 3199 877 3263 uis
906 3199 973 3265 sius
1001 3218 1062 3264 uon
1088 3217 1185 3282 parua
1212 3219 1280 3264 sen-

155 3303 243 3381 titur,
267 3302 328 3367 alio
352 3303 487 3384 quodam
509 3304 602 3370 modo
627 3305 756 3390 spiritus
780 3305 904 3370 dicitur

192 3490 208 3543 2
226 3491 390 3545 Retruotatio
409 3490 471 3545 libri
489 3491 563 3546 beati
581 3497 642 3560 (om.
664 3492 699 3562 G)
718 3493 856 3563 augustini
873 3492 906 3547 do
930 3497 1026 3547 natura
1043 3494 1115 3548 boni.
1134 3494 1230 3565 inoipit
1247 3494 1280 3549 da

157 3583 253 3633 natura
264 3580 328 3633 boui
337 3597 366 3648 p.
383 3581 415 3634 77
426 3579 482 3648 Sp.
496 3580 546 3634 281
560 3579 587 3635 G
598 3581 698 3651 Incipit
712 3584 772 3648 (om.
782 3582 845 3651 PA)
860 3581 929 3636 libor
941 3583 1027 3636 sancti
1041 3586 1101 3649 (om.
1113 3587 1145 3646 A,
1158 3582 1233 3637 beati
1241 3583 1280 3648 L)

158 3667 294 3737 angustini
317 3669 376 3737 (om.
399 3670 438 3733 A)
465 3668 498 3724 ‹lo
525 3673 621 3723 natura
647 3670 712 3724 boni
739 3656 866 3725 aduersus
894 3673 1047 3726 manicheos
1076 3677 1137 3740 (om.
1165 3671 1278 3739 PSLG)

156 3755 206 3823 sol.
225 3755 258 3808 70
276 3756 304 3810 Ρ
319 3757 368 3824 sol.
387 3757 420 3809 29
438 3758 466 3810 Α
483 3759 532 3826 fol.
552 3757 611 3812 113
673 3760 738 3813 tat
755 3759 850 3814 idoob
905 3759 998 3830 onoc]
1017 3760 1067 3814 hoo
1085 3763 1127 3814 est
1146 3763 1198 3827 (ost
1216 3760 1281 3815 odd.

136 3860 190 3898 ¹m.
204 3843 231 3913 2)
244 3843 287 3898 Pb
336 3846 369 3899 10
389 3861 419 3900 ao
433 3846 515 3916 quod]
529 3846 624 3917 quoti
678 3847 710 3900 12
725 3848 749 3902 oi
764 3847 845 3918 quod]
859 3848 951 3903 aifllio
965 3848 1086 3920 quamG
1139 3849 1173 3903 13
1191 3850 1279 3903 omnia

97 3990 98 3993 ,
156 3932 226 3987 bona
244 3933 295 3988 VL
367 3935 399 3988 19
416 3933 487 3989 bono
506 3935 599 3991 «Μεθ’
669 3937 701 3990 21
717 3936 792 4006 haec]
811 3941 839 3991 at
855 3936 1006 3992 haaoGet
1019 3937 1099 3992 hoob
1172 3937 1205 3990 22
1220 3941 1286 4006 port

157 4025 198 4075 ost
216 4022 280 4077 odd.
300 4027 328 4078 at
343 4022 370 4076 V
402 4023 502 4093 24⁴qui
519 4027 615 4078 uontus
630 4024 645 4078 b
661 4025 702 4093 (in
718 4041 768 4095 my.
788 4025 820 4080 ul.
841 4030 997 4093 conuentus)
1035 4025 1068 4079 25
1084 4025 1131 4096 qui
1149 4024 1283 4080 anobisP

157 4111 272 4165 sentitur
289 4111 330 4180 (in
347 4128 396 4181 my.
416 4111 450 4165 nl.
470 4110 587 4182 uidetur)
607 4112 623 4166 b
677 4113 711 4167 26
730 4112 855 4184 quodam]
876 4113 965 4185 aliquo
989 4114 1016 4168 V
