2940 4628
155 270 272 334 LXIIII
620 269 832 322 Praefatio.

157 481 235 544 quae
263 482 281 527 a
307 463 432 528 librario
459 463 528 545 ipso
557 463 721 530 emendata
748 467 831 541 sunt,
859 466 964 528 tamen
993 465 1088 529 codex
1114 468 1167 531 tot
1190 465 1278 529 uitiis

157 569 344 634 omnimodis
366 587 549 652 perspersus
573 571 631 645 est,
654 572 691 632 ut
712 571 896 634 mendorum
919 590 1032 654 genera
1053 590 1104 635 me
1127 576 1188 636 nou
1212 591 1277 654 per-

156 678 288 739 tractare
321 675 377 740 sed
406 675 614 758 perstringere
646 695 774 740 necesse
807 676 866 751 sit;
900 679 974 740 suut
1006 678 1088 740 enim
1124 679 1279 759 permulta

157 781 336 863 singularia,
361 800 440 863 quae
463 783 563 844 certas
586 783 673 865 leges
698 782 885 846 discriminis
908 783 1094 846 instituendi
1120 785 1278 866 respuant.

199 888 303 967 Atque
327 887 466 951 omniurn
489 888 624 970 primum
649 907 685 951 ea
707 888 795 966 uitia,
820 907 894 952 sane
916 889 1045 966 leuiora,
1065 907 1144 970 quae
1162 887 1279 951 librarii

156 994 312 1058 inscitiam
332 993 409 1057 satis
426 1012 580 1076 superque
600 997 745 1077 arguunt,
760 995 791 1057 in
807 998 977 1077 conspectu
994 1013 1118 1078 ponam.
1136 995 1280 1077 peccauit

157 1100 238 1164 enim
252 1100 306 1163 ille
321 1118 356 1163 eo
372 1099 454 1181 quod
469 1100 704 1166 terminationes
719 1100 962 1165 declinationum
979 1104 1011 1164 et
1024 1100 1277 1183 coniugationum

158 1225 235 1288 quae
260 1205 406 1269 dicuntur
430 1224 448 1268 a
470 1206 638 1282 radicibus,
667 1207 803 1289 syllabas
830 1208 883 1270 uel
909 1209 1013 1288 partes
1036 1225 1162 1282 uocum,
1186 1205 1279 1287 parti-

156 1313 243 1375 culas
279 1311 505 1394 postpositiuas
540 1312 645 1394 inepte
685 1311 810 1375 diremit
841 1315 934 1394 atque
966 1331 1037 1375 cum
1074 1311 1277 1393 sequentibus

158 1419 315 1495 conflauit,
340 1421 395 1481 aut
426 1437 517 1482 casus
551 1418 767 1483 continuorum
799 1418 1026 1482 uocabulorum
1054 1418 1198 1481 similiter
1219 1417 1278 1481 for-

157 1525 274 1588 mauit:
299 1525 373 1601 910,
398 1526 439 1588 25
462 1523 601 1604 cacrilaai
623 1525 751 1602 adicere,
779 1525 854 1601 917,
880 1525 994 1600 laiac
1017 1524 1113 1601 annale,
1138 1525 1212 1601 914,
1238 1524 1277 1586 18

156 1630 211 1694 ida
232 1650 314 1704 snae,
335 1631 409 1707 918,
425 1632 445 1693 4
467 1628 685 1692 innnlneraddi
707 1629 928 1703 addicerentur,
948 1630 1079 1706 912,15
1097 1629 1278 1710 6611696614,

158 1737 231 1813 896,
256 1738 274 1799 7
307 1735 361 1797 dea
386 1755 470 1814 pare,
503 1737 577 1813 895,
602 1737 643 1801 22
660 1735 833 1815 perlucente
855 1736 1016 1815 toqncntia,
1042 1737 1115 1812 896,
1141 1737 1279 1798 226566

157 1862 243 1918 enon,
264 1842 337 1919 917,
358 1843 399 1905 10
417 1842 608 1904 uictoriamei
626 1862 691 1921 qne,
711 1843 785 1920 916,
806 1842 825 1903 9
844 1843 947 1905 nrinns
965 1841 1122 1922 qnnrirrna,
1142 1842 1217 1917 912,
1239 1842 1276 1904 17

151 1950 238 2026 notes
261 1950 361 2020 tatem,
387 1949 460 2024 918,
485 1949 506 2010 4
529 1968 604 2010 cnnc
627 1952 734 2022 tornnn,
759 1949 832 2022 917,
858 1950 899 2012 20
923 1968 990 2010 cnm
1011 1949 1135 2020 rnntari,
1160 1948 1234 2023 914,
1258 1947 1279 2007 4

155 2073 307 2115 enrnrnanr
324 2071 401 2130 qne:
425 2053 498 2128 908,
515 2054 556 2115 20
575 2073 643 2115 anno
660 2073 736 2133 reae,
761 2054 835 2130 918,
852 2056 870 2116 2
894 2053 1123 2126 nomenclationis,
1142 2053 1216 2128 919,
1238 2052 1277 2125 17

156 2158 343 2231 addinioncrn,
380 2159 455 2235 921,
490 2158 527 2221 11
565 2159 612 2221 ddi
646 2160 759 2237 aitiori,
798 2161 872 2235 924,
906 2160 946 2222 19
983 2179 1049 2221 cana
1084 2158 1278 2231 natantatorn,

157 2264 231 2340 927,
257 2265 276 2327 8
303 2267 429 2343 peccata
460 2267 569 2338 antem,
599 2266 673 2340 936,
699 2266 740 2326 22
764 2264 874 2346 alodia,
903 2265 977 2339 938,
1002 2266 1043 2328 25
1061 2263 1278 2343 procreandos,

157 2369 230 2445 910,
256 2370 296 2432 13
328 2368 524 2442 adintoriarn,
558 2370 631 2447 914,
658 2372 697 2434 18
730 2373 911 2444 creatnram,
944 2371 1018 2448 916,
1049 2371 1088 2433 13
1120 2369 1278 2440 nanitatis,

78 2500 81 2507 ·
157 2475 230 2551 918,
256 2474 297 2537 14
329 2473 424 2547 carni,
458 2473 531 2551 899,
557 2475 576 2538 8
608 2475 717 2554 anatis,
751 2475 868 2551 900,9
900 2476 972 2538 ains
1001 2474 1127 2554 fnisset:
1160 2474 1278 2550 895,4

156 2599 223 2641 cnrn
254 2578 452 2656 aduersariis,
486 2581 560 2658 896,
587 2581 627 2645 14
658 2601 750 2661 qnam
772 2581 921 2663 nanniano
944 2581 983 2644 al.
1008 2573 1115 2645 contra
1134 2597 1173 2643 ,ea
1195 2578 1279 2649 haud

156 2703 223 2748 raro
247 2685 380 2748 uoculae
404 2684 592 2748 dirimendae
616 2685 799 2749 coniunctae
822 2687 988 2768 leguntur:
1017 2685 1091 2758 913,
1117 2685 1132 2746 1
1162 2676 1277 2758 adina,

157 2791 230 2868 913,
256 2792 272 2852 1
297 2790 487 2856 inmensura.
511 2792 584 2867 914,
611 2793 651 2854 10
674 2790 814 2864 sinrnltis,
839 2792 913 2867 922,
938 2791 980 2854 24
1003 2794 1111 2853 easnnt
1133 2790 1172 2855 al.
1192 2788 1275 2851 aliud

157 2915 256 2978 genus
278 2895 372 2977 idque
394 2914 456 2959 una
473 2899 560 2978 parte
578 2897 673 2961 latius
691 2899 802 2979 pateus
821 2897 967 2962 consistit
982 2896 1014 2959 iu
1034 2895 1277 2961 commutatione

155 3001 208 3064 uel
231 3000 412 3065 condicione
434 3002 592 3067 uocalium
617 3005 649 3067 et
671 3003 918 3068 consonantium.
942 3006 1036 3084 atque
1058 3001 1183 3065 illarum
1206 3005 1278 3065 net

155 3127 172 3170 o
196 3097 321 3189 saepius
344 3126 437 3189 quam
459 3109 492 3172 in
516 3109 585 3174 aliis
604 3109 764 3174 codicibus
783 3109 929 3174 confusae
947 3110 1104 3192 leguntur.
1129 3109 1161 3170 et
1177 3106 1276 3189 primo

156 3213 282 3294 quidem
304 3215 372 3279 loco
395 3233 509 3295 ponam
533 3216 733 3280 substautias
754 3216 787 3279 in
810 3219 856 3278 tor
878 3214 1053 3292 terminata,
1078 3213 1188 3277 deinde
1216 3212 1277 3275 alia

155 3320 241 3384 nullo
278 3323 361 3385 certo
399 3321 504 3385 ordine
542 3323 727 3389 obseruata:
765 3323 839 3400 896,
868 3323 886 3385 5
923 3324 1092 3395 onomaton,
1131 3321 1204 3395 895,
1234 3320 1275 3380 23

156 3425 329 3499 distractor,
358 3427 432 3503 899,
465 3429 484 3489 5
513 3426 633 3505 doctur,
662 3428 736 3504 900,
765 3428 784 3489 2
813 3429 970 3500 tractatnr,
998 3425 1072 3502 900,
1097 3425 1117 3488 3
1139 3423 1274 3498 anditnr,

156 3533 230 3608 900,
256 3532 296 3594 19
322 3531 472 3606 sadnatnr,
501 3534 574 3609 911,
600 3536 619 3596 2
647 3536 777 3611 nectar,
806 3534 879 3609 930,
906 3533 946 3596 19
974 3531 1109 3605 diiectnr,
1134 3531 1208 3608 933,
1235 3532 1272 3593 11

155 3638 281 3716 fractor,
315 3639 388 3715 920,
414 3640 454 3701 12
486 3639 676 3719 imperaram
708 3641 782 3717 929,
808 3641 827 3702 3
850 3640 951 3719 annia,
976 3639 1050 3716 894,
1075 3640 1115 3702 20
1144 3635 1274 3710 diabole,

157 3744 229 3820 920,
259 3745 278 3806 3
305 3763 373 3820 nara,
402 3744 476 3821 924,
506 3746 524 3806 2
553 3749 682 3820 cantra,·
712 3745 786 3822 894,
812 3745 851 3806 17
874 3744 1023 3818 sardiana,
1058 3744 1131 3820 895,
1158 3744 1197 3806 19
1231 3761 1275 3805 co·

152 3868 306 3928 anrnsccrc,
344 3850 417 3921 899,
445 3852 482 3913 11
521 3850 736 3930 arrrrseanaris,
761 3850 835 3928 899,
861 3851 899 3913 17
937 3848 1112 3929 cnmloqnia
1151 3850 1225 3926 934,
1255 3851 1274 3912 5

156 3958 428 4028 cnnrnrernoratanr,
453 3956 526 4031 919,
552 3957 590 4018 21
616 3955 795 4038 abstrinaat,
820 3957 893 4032 932,
918 3956 937 4017 9
962 3955 1129 4030 cnmrnittit,
1156 3955 1230 4031 935,
1255 3956 1274 4016 2

156 4059 344 4133 annrtnrnaci,
368 4061 478 4137 940,2
502 4081 567 4122 nnn
590 4062 629 4124 al.
655 4064 777 4126 contra:
802 4063 936 4139 90617
961 4061 1117 4142 apostolos,
1143 4061 1216 4138 917,
1232 4063 1273 4124 20

155 4163 266 4241 raetica,
291 4165 365 4243 922,
382 4167 401 4229 3
425 4185 467 4240 66,
492 4167 565 4243 931,
583 4168 623 4229 22
642 4171 724 4241 nota,
745 4168 819 4245 909,
836 4170 855 4230 2
874 4168 1006 4245 alderico,
1026 4169 1101 4246 937,
1117 4170 1136 4231 8
1156 4185 1273 4240 nomen,
