2940 4628
421 273 480 328 VII.
509 269 650 327 C'ontra
676 272 844 327 Felicem
872 273 935 327 lib.
963 274 1001 328 ll.
1203 275 1265 338 841

143 467 266 551 peceati
294 467 410 541 nostrie
443 466 498 531 ille
531 470 634 531 autem
669 468 806 532 ostendit
837 487 905 531 eam
932 468 964 530 in
993 487 1083 533 earne
1111 487 1177 548 sua,
1205 488 1267 534 non

143 573 256 638 merito
283 572 462 655 iniquitatis
490 592 575 651 suae,
604 573 659 638 sed
687 573 789 638 osfioio
821 573 1051 638 misericordiae
1079 593 1164 640 suae.
1196 593 1267 640 nam

143 680 180 743 ut
201 679 327 745 noueris
350 680 464 745 bonam
488 698 557 745 esse
580 681 693 763 legem,
713 698 806 760 quam
828 682 864 743 tu
881 679 1105 762 reprehendere
1123 681 1265 760 uoluisti,

142 785 211 868 ipse
234 786 397 868 apostolus
420 785 539 849 Paulus
563 785 697 867 quodam
720 787 790 850 loco
815 785 909 850 dixit:
942 787 1000 851 lex
1023 786 1264 864 subintrauit,

113 892 184 955 sut
207 891 414 957 abundaret
437 891 626 956 delictum.
651 891 753 956 adhue
775 891 902 956 uidetur
918 892 1005 955 illam
1023 892 1264 976 reprehender03

144 997 200 1060 sed
231 997 306 1060 audi
338 997 422 1079 quod
454 997 614 1079 sequitur:
646 996 709 1061 ubi
741 1000 878 1075 autom,
909 998 1026 1079 inquit,
1060 997 1266 1062 abundauit

143 1101 339 1180 delictum,
378 1101 699 1184 superabundauit
729 1100 860 1184 gratia.
903 1100 974 1164 data
1010 1105 1059 1166 est
1097 1102 1179 1165 enim
1213 1101 1263 1166 lor

143 1208 286 1292 superbis
318 1207 498 1272 bominibus
530 1210 562 1271 et
592 1206 713 1273 uiribus
746 1208 813 1272 suis
845 1210 948 1272 toturn
978 1207 1200 1286 tribuentibus,
1228 1211 1265 1271 nt

142 1333 214 1379 eum
235 1314 355 1396 inplere
377 1332 438 1378 non
457 1316 588 1396 possent
604 1313 708 1396 legem
728 1313 843 1392 datam,
862 1313 1125 1396 praeuaricatores
1143 1314 1262 1378 inueni-

97 1423 248 1484 notentur
279 1422 312 1483 et
343 1419 418 1483 faeti
444 1418 489 1482 rei
517 1418 673 1502 sublege
700 1422 843 1501 peterent
868 1419 1113 1484 misericordiam
1140 1419 1261 1503 elegis
1340 1453 1342 1457 .

141 1525 311 1591 conditore.
342 1525 473 1608 proinde
495 1525 588 1610 paulo
611 1527 685 1609 post
708 1525 785 1589 dicit
810 1526 894 1590 idern
922 1527 1101 1609 apostolus:
1133 1525 1260 1606 itaque

140 1631 198 1695 lex
226 1631 374 1713 quidem
403 1634 532 1696 saneta
560 1634 596 1695 et
622 1631 832 1695 mandatum
862 1634 1030 1696 sanetum
1057 1633 1093 1695 et
1118 1631 1260 1695 iustum

142 1738 179 1800 et
204 1738 351 1802 bonum.
384 1736 440 1801 sed
465 1755 504 1801 ne
533 1736 628 1815 dieas,
661 1737 735 1818 quia
766 1736 803 1800 de
835 1738 897 1802 alio
928 1737 1074 1801 mandato
1107 1736 1193 1815 dieit,
1225 1740 1262 1800 ut

140 1843 295 1919 ostendat,
320 1841 393 1924 quia
416 1842 454 1906 de
476 1842 533 1907 illo
558 1841 643 1920 dicit,
668 1842 705 1905 de
730 1861 790 1924 qno
818 1843 912 1925 paulo
940 1844 1011 1905 ante
1039 1841 1174 1905 dixerat:
1202 1843 1258 1906 ler

97 1969 121 2009 n
138 1948 382 2025 subintrauit,
406 1951 448 2011 ut
469 1947 675 2014 abundaret
698 1947 887 2024 delietum,
907 1948 1013 2010 statim
1032 1946 1093 2011 sibi
1112 1946 1259 2030 obposuit

137 2054 368 2135 quaestionem:
399 2054 495 2136 quod
519 2073 605 2137 ergo
627 2054 761 2118 bonum
784 2053 874 2116 mibi
898 2053 1035 2116 factum
1061 2056 1118 2117 est
1140 2056 1256 2117 mors?

36 2235 39 2241 ¹
138 2159 252 2236 absit;
272 2160 336 2225 sed
352 2162 557 2245 peecatum,
573 2161 614 2222 nt
627 2158 805 2240 adpareat
818 2161 1023 2241 peecatum,
1042 2178 1105 2241 per
1122 2159 1256 2223 bonum

140 2271 333 2350 operatum
356 2268 414 2331 est
435 2266 526 2330 mihi
548 2268 711 2330 mortem.
736 2267 802 2328 erat
825 2265 907 2329 enim
929 2266 1103 2349 peceatum,
1122 2266 1257 2331 sednon

141 2372 310 2455 adparebat
330 2375 513 2454 peecatum
538 2373 610 2436 data
632 2373 751 2436 estlear
775 2373 919 2455 superbo,
938 2372 1015 2436 feeit
1032 2374 1139 2436 eontra
1154 2371 1259 2455 legem

95 2499 122 2538 ao
138 2480 172 2542 et
194 2478 337 2562 adparuit
358 2483 533 2563 peceatum,
556 2479 733 2561 quoderat,
753 2477 809 2542 sed
827 2497 888 2542 non
906 2478 1084 2560 adparebat.
1108 2478 1258 2561 adparens

138 2586 244 2648 eutem
275 2589 440 2667 peceatum
470 2585 651 2649 humiliarit
677 2583 861 2667 superbum,
893 2583 1077 2647 humiliatus
1105 2584 1258 2665 superbus

137 2689 241 2756 faetus
264 2692 313 2755 est
333 2691 505 2775 paenitens,
529 2691 566 2754 de
589 2690 780 2774 paenitentia
796 2690 951 2773 inpetrata
969 2691 1018 2753 ost
1034 2690 1256 2754 misericordia.

138 2795 255 2860 audisti
287 2815 375 2880 ergo,
408 2797 491 2879 quod
521 2796 735 2879 interrogasti,
767 2795 935 2878 responde,
967 2796 1050 2878 quod
1080 2795 1256 2878 interrogo:

137 2901 215 2965 nihil
238 2921 348 2968 nocere
370 2905 493 2986 poterat
514 2922 590 2986 gens
617 2903 814 2966 tenebrarum
847 2902 930 2967 deo?
963 2920 1056 2984 quare
1082 2901 1145 2964 hue
1170 2901 1259 2965 misit

94 3030 122 3070 as
139 3009 260 3091 partem
282 3028 371 3073 suam
394 3009 586 3074 miscendam
610 3014 642 3072 et
663 3008 864 3092 polluendam
883 3027 901 3070 a
918 3010 1030 3071 natura
1047 3007 1257 3071 daemonnm?

184 3115 234 3177 12.
257 3110 335 3178 rna.
354 3114 449 3178 dixit:
474 3114 507 3179 si
528 3113 560 3177 in
584 3112 709 3177 arbitrio
728 3116 834 3177 nostro
854 3131 974 3190 sumus,
993 3130 1083 3176 nemo
1102 3111 1256 3175 neminem

80 3226 82 3231 ’
139 3222 248 3302 eogat;
277 3220 399 3302 quando
422 3221 561 3297 noluero,
587 3239 637 3284 ero
661 3219 859 3284 christianus.
892 3219 1039 3282 uoluntas
1066 3217 1157 3282 nobis
1185 3216 1257 3281 sub·

95 3365 97 3368 <
138 3323 221 3389 iaoet
243 3327 298 3388 aut
321 3344 390 3390 esse
413 3325 618 3390 christianum
641 3327 778 3390 autnon
803 3343 881 3389 esse.

64 3435 66 3439 ’
104 3439 106 3443 ’
150 3446 151 3449 ’
180 3431 384 3499 illedixit:
417 3428 497 3509 Quia
523 3432 670 3496 uoluntas
698 3430 788 3496 nobis
817 3431 948 3508 adiacet,
978 3430 1180 3495 manifestum
1209 3432 1258 3495 est

91 3557 122 3604 ao
138 3545 170 3602 et
191 3539 251 3604 hoo
279 3539 316 3602 de
345 3537 459 3601 diuinis
486 3537 649 3620 scripturis
677 3536 786 3613 dooui;
820 3536 903 3618 qnod
930 3538 1057 3601 ooaotus
1085 3540 1135 3601 est
1162 3536 1255 3600 etiam

224 3705 334 3801 lRom.
352 3747 378 3810 b,
396 3746 430 3799 ab
484 3745 516 3797 16
535 3745 610 3797 Rom.
629 3745 653 3806 7,
674 3745 706 3797 12
724 3760 762 3814 sq.

171 3886 372 3942 bhabundaret
388 3887 416 3941 R
503 3886 748 3940 6babundauit1t
832 3887 1112 3957 isuperbebundeuit
1129 3888 1157 3942 R
1228 3891 1256 3942 et

137 3977 258 4046 gratiab
324 3975 627 4046 8distribuentibusT
693 3975 723 4028 ll
743 3976 879 4045 apostolus
896 3975 966 4029 idem
984 3975 1037 4030 PR
1104 3976 1137 4030 12
1155 3976 1255 4029 iustum

137 4068 165 4118 et
182 4069 302 4120 sanetum
319 4066 361 4119 Pb
434 4066 465 4118 15
484 4063 536 4117 sibi
554 4080 602 4118 om.
621 4063 649 4116 P
722 4065 861 4134 proposuit
877 4066 905 4119 R
976 4063 1009 4119 18
1030 4063 1097 4117 mihi
1120 4066 1255 4134 operatum

137 4156 179 4206 est
194 4152 286 4209 PSRb
342 4155 373 4207 19
392 4151 637 4222 data-apparebat
654 4169 704 4206 om.
723 4153 750 4208 R
805 4155 963 4211 reaudire
