2940 4628
232 239 296 306 972
719 237 860 296 Euodii

230 433 408 507 peccatrices
432 433 561 492 damnari
580 435 617 492 ad
636 434 795 493 custodiam
818 434 907 509 globi,
926 437 960 493 ut
977 434 1073 508 aliqua
1096 435 1233 494 securitas
1253 435 1360 495 diuinis

231 522 328 596 reguis
350 521 381 580 in
403 522 530 596 periculo
550 522 714 581 constitutis
731 525 847 582 taudem
866 523 1021 596 aliquando
1041 526 1220 597 conparetur.
1239 541 1358 584 necesse

232 612 278 668 est
309 627 386 685 ergo,
410 619 443 669 ut
474 612 525 669 aut
554 629 622 686 pars
654 612 727 671 lucis
758 614 860 687 peccet
882 614 932 670 aut
952 629 1019 686 pars
1042 614 1234 672 tenebrarum.
1258 614 1310 672 sed
1333 614 1359 672 si

230 716 298 773 pars
329 698 402 758 lucis
433 702 545 774 peccat,
569 700 639 759 deus
670 703 781 774 peccat,
807 702 884 774 quod
905 701 987 760 nefas
1011 703 1056 760 est
1079 701 1191 772 dicere;
1216 699 1240 761 si
1263 703 1359 760 autern

230 804 298 861 pars
329 788 511 847 tenebrarum
541 791 652 863 peccat,
676 790 741 864 ipsa
771 793 891 848 uocatur
923 791 959 848 ad
990 807 1109 865 regnum
1136 808 1188 865 per
1212 808 1283 862 eum,
1309 791 1359 864 qui
1392 798 1404 836 ⁵

233 875 322 934 dixit:
355 893 424 935 uon
454 877 536 937 ueni
567 895 694 938 uocare
726 879 840 938 iustos
868 879 928 938 sed
959 882 1175 953 peccatores,
1200 879 1360 952 quianon

232 966 285 1024 est
315 982 399 1040 opus
426 967 522 1025 sanis
550 968 713 1037 medicus,
738 969 798 1025 sed
825 967 915 1026 male
942 969 1167 1027 habentibus.
1190 968 1240 1026 illa
1263 969 1359 1026 autern

231 1053 370 1114 diuinitas
392 1055 426 1113 de
451 1055 601 1115 diuinitate
625 1059 655 1115 et
671 1055 719 1114 lur
738 1057 897 1115 delumine
917 1058 1098 1116 tenebrarum
1117 1057 1215 1133 generi
1234 1057 1359 1131 degene-

232 1159 299 1202 rans
322 1143 352 1201 iu
376 1145 522 1203 aeteruum
545 1145 681 1204 sociatur.
735 1176 737 1180 ν

274 1226 327 1292 44.
353 1233 375 1291 0
400 1233 599 1292 detestandum
631 1234 735 1292 mentis
770 1250 893 1293 errorem
925 1234 995 1292 talia
1027 1233 1220 1296 credentium!
1253 1233 1406 1292 uellem10

230 1321 336 1392 tamen,
366 1323 399 1380 ut
430 1322 625 1381 adtenderetis
658 1325 687 1380 et
717 1323 816 1382 uidere
848 1322 961 1382 uelletis
985 1340 1057 1394 eum,
1082 1339 1165 1397 quem
1188 1322 1360 1382 naturaliter

230 1425 369 1468 summum
391 1410 496 1469 malum
516 1424 578 1470 esse
598 1405 704 1480 dicitis,
723 1428 782 1470 non
799 1428 886 1486 posse
904 1412 975 1481 fieri,
995 1414 1027 1470 ut
1044 1412 1135 1472 malus
1154 1413 1201 1484 sit,
1222 1411 1359 1485 quoniam

231 1497 255 1556 si
288 1498 424 1572 quicquid
454 1499 532 1571 facit,
558 1500 599 1560 sic
631 1500 806 1570 incitata
832 1502 935 1558 natura
965 1517 1018 1559 sua
1048 1502 1181 1560 recedere
1214 1503 1243 1559 et
1274 1499 1360 1558 aliter

231 1586 325 1645 facere
343 1604 402 1646 uon
420 1588 523 1662 possit,
542 1606 660 1663 prorsus
678 1588 751 1647 nibil
769 1591 889 1664 peccat3
909 1589 935 1648 si
953 1591 1048 1648 autem
1065 1589 1137 1648 nihil
1154 1590 1265 1663 peccat,
1284 1587 1359 1646 nihil

230 1674 299 1733 mali
320 1675 408 1735 faeiat
430 1677 551 1748 ntideo,
572 1677 597 1737 si
618 1675 691 1736 nibil
708 1677 776 1735 mali
795 1679 873 1748 fecit,
892 1694 950 1737 non
969 1679 1014 1737 est
1030 1678 1128 1751 ntique
1146 1679 1247 1737 malus.
1266 1678 1358 1735 restat
1380 1683 1406 1722 15

231 1762 337 1837 itaque,
361 1767 394 1823 ut
414 1783 482 1840 pars
506 1766 562 1836 dei,
587 1782 660 1840 quae
684 1766 755 1826 deus
776 1767 962 1841 intellegitur,
987 1782 1070 1840 quam
1099 1767 1222 1825 animam
1251 1765 1358 1837 dicitis,

231 1853 294 1910 sola
316 1853 355 1912 sit
375 1871 425 1912 rea
458 1855 583 1918 omniurn
613 1856 797 1930 peccatorum
830 1859 858 1914 et
889 1854 985 1914 omnia
1016 1855 1074 1926 illa,
1100 1872 1173 1929 quae
1196 1855 1360 1914 accusanda
1386 1876 1388 1880 ’

231 1940 412 2000 insanissime
435 1944 554 2017 putatis,
578 1944 606 2002 in
632 1946 715 2004 deum
739 1946 865 2003 uestrum
889 1944 1057 2003 refundatis.
1082 1945 1135 2003 sed
1158 1945 1227 2018 quid
1249 1943 1358 2001 ueritas

232 2028 360 2089 clamat?
380 2047 483 2107 corpus
502 2049 566 2092 cum
585 2034 712 2095 exanime
732 2035 777 2092 est
793 2049 913 2108 peccare
931 2050 990 2091 non
1007 2049 1103 2107 posse,
1125 2034 1177 2092 sed
1194 2049 1246 2107 per
1263 2032 1364 2107 ipsum.

230 2124 316 2190 posse
334 2121 449 2194 peccari
461 2142 471 2192 ;¹
487 2122 611 2181 animam
629 2139 697 2184 uero
716 2122 915 2191 inrationalem
930 2123 1045 2195 quidem
1058 2139 1177 2197 peecare
1188 2138 1246 2180 non
1259 2136 1357 2194 posse,
1379 2123 1405 2162 ²⁰

231 2207 300 2278 quia
320 2225 374 2267 uec
396 2212 551 2284 praecepta
573 2211 693 2286 rationis
715 2211 813 2285 potest
835 2211 965 2284 accipere
987 2225 1080 2283 neque
1099 2211 1137 2268 ad
1151 2209 1358 2269 beatitudinem

236 2299 395 2369 peruenire,
419 2299 472 2358 sed
495 2299 524 2358 in
546 2317 598 2359 suo
621 2302 712 2374 gradu
735 2316 850 2358 seruare
873 2300 1001 2358 ordinem
1023 2301 1152 2369 naturae,
1172 2315 1255 2371 quem
1274 2314 1358 2355 acce·

237 2385 298 2457 pit3
330 2386 499 2446 rationalem
531 2391 635 2460 autem,
668 2389 735 2463 qnia
765 2389 863 2463 potest
892 2390 969 2446 recte
1000 2387 1141 2447 factumn
1176 2386 1360 2446 rationabilia

236 2477 391 2549 praecepta
411 2476 558 2551 percipere
582 2479 611 2536 et
632 2481 710 2537 reete
732 2477 817 2536 factis
840 2477 877 2535 ad
900 2479 1045 2535 aeternam
1067 2475 1271 2535 beatitudinem
1293 2493 1359 2549 per-

236 2562 352 2635 uenire,
376 2565 402 2623 si
423 2566 479 2625 boe
501 2567 646 2640 peccando
669 2565 803 2634 noluerit,
827 2565 902 2625 iuste
925 2565 963 2624 ad
980 2564 1116 2624 inferiora
1135 2564 1271 2636 damnari,
1292 2564 1360 2637 quia
1378 2563 1405 2602 ²⁵

236 2651 312 2710 inter
333 2653 426 2727 ipsam
449 2656 478 2713 et
501 2656 584 2714 deum
605 2672 664 2715 non
687 2657 803 2730 separat
823 2654 880 2725 nisi
902 2655 1036 2713 uoluntas
1057 2670 1156 2728 praua.

279 2735 332 2801 45.
355 2742 466 2816 Legite,
489 2744 659 2815 Manichaei,
684 2747 712 2802 et
731 2743 810 2804 omui
824 2742 975 2817 uigilantia
992 2743 1049 2801 ista
1068 2742 1201 2801 discutite
1220 2743 1249 2799 et
1265 2741 1359 2816 magis

236 2830 384 2904 magisque
406 2832 495 2906 legite
518 2835 603 2906 atoue
627 2833 770 2904 discutite,
794 2833 846 2891 sed
868 2831 961 2890 animo
985 2845 1086 2903 aequo,
1105 2847 1163 2890 non
1185 2829 1278 2888 auimo
1301 2829 1359 2888 iui-

236 2919 320 2980 mico.
352 2919 440 2994 legite
471 2920 543 2980 illud
574 2921 773 2991 adtendentes,
798 2921 874 2994 quia.
896 2919 951 2978 erit
972 2919 1055 2978 uobis
1077 2919 1107 2977 iu
1133 2919 1228 2977 futuro
1251 2918 1358 2978 iudicio

235 3008 293 3066 ista
315 3008 457 3083 scriptura
479 3009 572 3082 testis,
596 3009 621 3068 si
644 3012 834 3084 agnoscentes
856 3025 925 3068 uera
948 3025 1021 3079 esse,
1040 3023 1113 3082 quae
1132 3008 1301 3078 dictasunt,
1321 3009 1360 3067 ad
1378 3000 1405 3040 ³⁰

237 3097 330 3155 sinum
352 3097 452 3157 matris
476 3098 614 3158 ecclesiae
638 3099 806 3169 catholicae,
830 3113 902 3171 quae
921 3097 984 3156 sola
1001 3096 1150 3155 ueritatem
1169 3097 1261 3167 docet,
1282 3097 1360 3155 omni

238 3203 322 3246 cursu
344 3204 402 3246 nou
424 3188 640 3260 destinaueritis.

325 3446 340 3498 6
358 3445 454 3498 Manu.
474 3446 499 3509 9,
520 3445 551 3497 13

273 3605 286 3657 1
307 3603 482 3669 custodienda
502 3609 529 3672 (a
547 3619 614 3658 corn.
633 3607 666 3656 ea
685 3603 709 3671 e)
727 3601 757 3655 F
773 3601 945 3657 custodienda
969 3601 1018 3655 VP
1115 3600 1132 3653 2
1150 3602 1318 3671 capereretur
1336 3600 1363 3652 P

236 3677 319 3730 3aut
332 3672 378 3744 pr,
395 3692 445 3730 om.
464 3677 491 3728 P
558 3675 656 3743 bnon]
678 3674 819 3727 nonenim
838 3674 864 3726 P
932 3673 1033 3726 Villae
1052 3673 1078 3726 P
1145 3671 1313 3741 8degerans
1336 3671 1363 3725 V

237 3748 270 3801 10
289 3742 515 3801 detestandamP
569 3747 600 3799 11
620 3744 711 3799 uelitis
730 3744 756 3798 V
808 3745 840 3797 12
858 3744 979 3815 possuP
1030 3743 1062 3798 13
1077 3745 1104 3812 a]
1118 3742 1192 3796 anP
1242 3743 1276 3796 15
1289 3741 1360 3795 male

238 3817 344 3886 (111er
394 3816 569 3885 faeintlfacit
591 3816 642 3869 VP
694 3815 769 3883 fecit]
787 3814 853 3869 lacit
869 3814 927 3869 PV
960 3815 992 3867 19
1011 3815 1129 3868 exanime
1148 3814 1199 3883 est]
1218 3831 1248 3868 ex
1271 3813 1361 3866 anima

238 3897 267 3944 ee
286 3887 316 3942 F
379 3887 414 3943 20
431 3889 535 3959 peccari
552 3905 602 3943 om.
621 3887 648 3939 P
715 3886 873 3940 inrationale
892 3886 928 3955 (le
946 3902 968 3940 a.
987 3886 1007 3939 1.
1025 3885 1082 3939 add
1107 3902 1141 3938 m.
1161 3888 1190 3952 2)
1209 3884 1240 3938 F
1254 3884 1359 3938 irratio-

236 4004 354 4058 saroam
373 4003 412 4066 or
430 4005 476 4070 er.)
499 4002 526 4056 v
611 3969 816 4068 usfairina
836 4000 967 4054 faoumm
990 3999 1040 4053 Va
1125 3999 1159 4052 nc
1184 3999 1316 4070 peccando
1334 3998 1362 4050 P

235 4077 270 4130 26
283 4075 342 4146 ipsa
360 4074 410 4128 VP
441 4091 524 4145 parua
542 4074 568 4128 V
600 4074 634 4127 28
648 4089 743 4144 proquo
757 4073 787 4126 F
819 4073 852 4126 29
871 4072 934 4140 quia
948 4070 1009 4139 erit]
1022 4072 1109 4140 querit
1123 4069 1150 4122 P
1184 4072 1219 4126 30
1236 4073 1320 4125 testes
1334 4069 1361 4121 P

236 4147 268 4200 31
289 4147 378 4215 docet]
396 4145 473 4200 decet
495 4146 522 4199 V
