<?xml version="1.0" encoding="UTF-8"?>
<!DOCTYPE html PUBLIC "-//W3C//DTD XHTML 1.0 Transitional//EN"
    "http://www.w3.org/TR/xhtml1/DTD/xhtml1-transitional.dtd">
<html xmlns="http://www.w3.org/1999/xhtml" xml:lang="en" lang="en">
 <head>
  <title>
</title>
<meta http-equiv="Content-Type" content="text/html;charset=utf-8" />
  <meta name='ocr-system' content='tesseract 3.04.00' />
  <meta name='ocr-capabilities' content='ocr_page ocr_carea ocr_par ocr_line ocrx_word'/>
</head>
<body>
  <div class='ocr_page' id='page_1' title='image "./sanctiavreliavg00zychgoog_0104.png"; bbox 0 0 2940 4628; ppageno 0'>
   <div class='ocr_carea' id='block_1_1' title="bbox 422 245 1269 314">
    <p class='ocr_par' dir='ltr' id='par_1_1' title="bbox 422 245 1269 314">
     <span class='ocr_line' id='line_1_1' title="bbox 422 245 1269 314; baseline 0 -15"><span class='ocrx_word' id='word_1_1' title='bbox 422 246 481 300; x_wconf 86' lang='lat' dir='ltr'>VII.</span> <span class='ocrx_word' id='word_1_2' title='bbox 508 245 651 302; x_wconf 76' lang='lat' dir='ltr'><strong>Contra</strong></span> <span class='ocrx_word' id='word_1_3' title='bbox 676 247 845 302; x_wconf 75' lang='lat' dir='ltr'><strong>Felicem</strong></span> <span class='ocrx_word' id='word_1_4' title='bbox 872 246 936 301; x_wconf 91' lang='lat' dir='ltr'><strong>lib.</strong></span> <span class='ocrx_word' id='word_1_5' title='bbox 963 245 985 300; x_wconf 90' lang='lat'><strong>1.</strong></span> <span class='ocrx_word' id='word_1_6' title='bbox 1203 249 1269 314; x_wconf 86' lang='lat'>805.</span> 
     </span>
    </p>
   </div>
   <div class='ocr_carea' id='block_1_2' title="bbox 99 441 1269 1907">
    <p class='ocr_par' dir='ltr' id='par_1_2' title="bbox 99 441 1269 1907">
     <span class='ocr_line' id='line_1_2' title="bbox 145 441 1268 527; baseline 0 -22"><span class='ocrx_word' id='word_1_7' title='bbox 145 441 265 520; x_wconf 92' lang='lat' dir='ltr'><strong>uobis,</strong></span> <span class='ocrx_word' id='word_1_8' title='bbox 290 442 344 506; x_wconf 94' lang='lat' dir='ltr'><strong>sic</strong></span> <span class='ocrx_word' id='word_1_9' title='bbox 359 441 500 527; x_wconf 66' lang='lat' dir='ltr'><strong>‚ueniet</strong></span> <span class='ocrx_word' id='word_1_10' title='bbox 521 441 824 525; x_wconf 89' lang='lat' dir='ltr'><strong>quemadmodam</strong></span> <span class='ocrx_word' id='word_1_11' title='bbox 841 441 999 507; x_wconf 87' lang='lat' dir='ltr'><strong>uidistis</strong></span> <span class='ocrx_word' id='word_1_12' title='bbox 1019 460 1100 506; x_wconf 91' lang='lat' dir='ltr'><strong>eum</strong></span> <span class='ocrx_word' id='word_1_13' title='bbox 1120 443 1268 507; x_wconf 87' lang='lat' dir='ltr'><strong>euntem</strong></span> 
     </span>
     <span class='ocr_line' id='line_1_3' title="bbox 148 548 1267 632; baseline 0.001 -20"><span class='ocrx_word' id='word_1_14' title='bbox 148 548 183 611; x_wconf 90' lang='lat' dir='ltr'><strong>in</strong></span> <span class='ocrx_word' id='word_1_15' title='bbox 208 549 364 617; x_wconf 71' lang='lat' dir='ltr'><strong>eaelum,</strong></span> <span class='ocrx_word' id='word_1_16' title='bbox 383 550 474 613; x_wconf 89' lang='lat' dir='ltr'><strong>tuuc</strong></span> <span class='ocrx_word' id='word_1_17' title='bbox 495 549 640 613; x_wconf 83' lang='lat' dir='ltr'><strong>reuersi</strong></span> <span class='ocrx_word' id='word_1_18' title='bbox 663 551 751 614; x_wconf 90' lang='lat' dir='ltr'><strong>sunt</strong></span> <span class='ocrx_word' id='word_1_19' title='bbox 772 548 1069 632; x_wconf 79' lang='lat' dir='ltr'><strong>Hierosolymam</strong></span> <span class='ocrx_word' id='word_1_20' title='bbox 1093 566 1112 612; x_wconf 88' lang='lat' dir='ltr'><strong>a</strong></span> <span class='ocrx_word' id='word_1_21' title='bbox 1132 550 1267 626; x_wconf 90' lang='lat' dir='ltr'><strong>monte,</strong></span> 
     </span>
     <span class='ocr_line' id='line_1_4' title="bbox 148 652 1269 739; baseline 0 -21"><span class='ocrx_word' id='word_1_22' title='bbox 148 654 211 737; x_wconf 88' lang='lat' dir='ltr'><strong>qui</strong></span> <span class='ocrx_word' id='word_1_23' title='bbox 233 652 391 718; x_wconf 89' lang='lat' dir='ltr'><strong>uocatur</strong></span> <span class='ocrx_word' id='word_1_24' title='bbox 412 653 561 732; x_wconf 87' lang='lat' dir='ltr'><strong>Hlaeon,</strong></span> <span class='ocrx_word' id='word_1_25' title='bbox 586 654 648 736; x_wconf 88' lang='lat' dir='ltr'><strong>qui</strong></span> <span class='ocrx_word' id='word_1_26' title='bbox 671 657 729 719; x_wconf 87' lang='lat' dir='ltr'><strong>est</strong></span> <span class='ocrx_word' id='word_1_27' title='bbox 750 655 853 718; x_wconf 88' lang='lat' dir='ltr'><strong>iuxta</strong></span> <span class='ocrx_word' id='word_1_28' title='bbox 870 654 1169 739; x_wconf 80' lang='lat' dir='ltr'><strong>Hierosolymam</strong></span> <span class='ocrx_word' id='word_1_29' title='bbox 1192 653 1269 719; x_wconf 89' lang='lat' dir='ltr'><strong>sab-</strong></span> 
     </span>
     <span class='ocr_line' id='line_1_5' title="bbox 147 759 1267 839; baseline 0.001 -16"><span class='ocrx_word' id='word_1_30' title='bbox 147 760 226 824; x_wconf 89' lang='lat' dir='ltr'><strong>bati</strong></span> <span class='ocrx_word' id='word_1_31' title='bbox 254 761 394 825; x_wconf 88' lang='lat' dir='ltr'><strong>habens</strong></span> <span class='ocrx_word' id='word_1_32' title='bbox 420 760 502 825; x_wconf 89' lang='lat' dir='ltr'><strong>iter.</strong></span> <span class='ocrx_word' id='word_1_33' title='bbox 537 762 573 824; x_wconf 89' lang='lat' dir='ltr'><strong>at</strong></span> <span class='ocrx_word' id='word_1_34' title='bbox 595 779 675 837; x_wconf 85' lang='lat' dir='ltr'><strong>cum</strong></span> <span class='ocrx_word' id='word_1_35' title='bbox 697 760 937 839; x_wconf 80' lang='lat' dir='ltr'><strong>introissent,</strong></span> <span class='ocrx_word' id='word_1_36' title='bbox 961 759 1210 825; x_wconf 89' lang='lat' dir='ltr'><strong>ascenderunt</strong></span> <span class='ocrx_word' id='word_1_37' title='bbox 1231 759 1267 824; x_wconf 92' lang='lat' dir='ltr'><strong>in</strong></span> 
     </span>
     <span class='ocr_line' id='line_1_6' title="bbox 115 865 1269 949; baseline 0.003 -23"><span class='ocrx_word' id='word_1_38' title='bbox 115 866 352 949; x_wconf 77' lang='lat' dir='ltr'><strong>asuperiora,</strong></span> <span class='ocrx_word' id='word_1_39' title='bbox 372 865 436 929; x_wconf 94' lang='lat' dir='ltr'><strong>ubi</strong></span> <span class='ocrx_word' id='word_1_40' title='bbox 453 865 676 930; x_wconf 78' lang='lat' dir='ltr'><strong>habitabant</strong></span> <span class='ocrx_word' id='word_1_41' title='bbox 689 866 824 931; x_wconf 88' lang='lat' dir='ltr'><strong>Petrus</strong></span> <span class='ocrx_word' id='word_1_42' title='bbox 843 868 881 931; x_wconf 91' lang='lat' dir='ltr'><strong>et</strong></span> <span class='ocrx_word' id='word_1_43' title='bbox 896 866 1091 947; x_wconf 88' lang='lat' dir='ltr'><strong>Iohannes,</strong></span> <span class='ocrx_word' id='word_1_44' title='bbox 1110 865 1269 932; x_wconf 93' lang='lat' dir='ltr'><strong>Iacobus</strong></span> 
     </span>
     <span class='ocr_line' id='line_1_7' title="bbox 147 971 1269 1055; baseline -0.001 -19"><span class='ocrx_word' id='word_1_45' title='bbox 147 975 184 1036; x_wconf 92' lang='lat' dir='ltr'><strong>et</strong></span> <span class='ocrx_word' id='word_1_46' title='bbox 204 971 386 1049; x_wconf 76' lang='lat' dir='ltr'><strong>Andreas,</strong></span> <span class='ocrx_word' id='word_1_47' title='bbox 413 971 613 1055; x_wconf 87' lang='lat' dir='ltr'><strong>Philippus</strong></span> <span class='ocrx_word' id='word_1_48' title='bbox 642 975 678 1036; x_wconf 91' lang='lat' dir='ltr'><strong>et</strong></span> <span class='ocrx_word' id='word_1_49' title='bbox 700 972 871 1052; x_wconf 78' lang='lat' dir='ltr'><strong>Thomas,</strong></span> <span class='ocrx_word' id='word_1_50' title='bbox 898 973 1209 1039; x_wconf 88' lang='lat' dir='ltr'><strong>Bartholomaeus</strong></span> <span class='ocrx_word' id='word_1_51' title='bbox 1233 974 1269 1035; x_wconf 88' lang='lat' dir='ltr'><strong>et</strong></span> 
     </span>
     <span class='ocr_line' id='line_1_8' title="bbox 146 1072 1267 1161; baseline -0.001 -19"><span class='ocrx_word' id='word_1_52' title='bbox 146 1078 371 1156; x_wconf 87' lang='lat' dir='ltr'><strong>Matthaeus,</strong></span> <span class='ocrx_word' id='word_1_53' title='bbox 391 1079 550 1144; x_wconf 88' lang='lat' dir='ltr'><strong>Iacobus</strong></span> <span class='ocrx_word' id='word_1_54' title='bbox 563 1077 724 1161; x_wconf 80' lang='lat' dir='ltr'><strong>Alphaei</strong></span> <span class='ocrx_word' id='word_1_55' title='bbox 743 1081 779 1142; x_wconf 91' lang='lat' dir='ltr'><strong>et</strong></span> <span class='ocrx_word' id='word_1_56' title='bbox 798 1078 921 1144; x_wconf 84' lang='lat' dir='ltr'><strong>Simon</strong></span> <span class='ocrx_word' id='word_1_57' title='bbox 940 1072 1089 1145; x_wconf 85' lang='lat' dir='ltr'><strong>Zelotes</strong></span> <span class='ocrx_word' id='word_1_58' title='bbox 1109 1077 1267 1144; x_wconf 88' lang='lat' dir='ltr'><strong>etludas</strong></span> 
     </span>
     <span class='ocr_line' id='line_1_9' title="bbox 146 1183 1267 1267; baseline 0.001 -20"><span class='ocrx_word' id='word_1_59' title='bbox 146 1183 283 1251; x_wconf 88' lang='lat' dir='ltr'><strong>Iacobi.</strong></span> <span class='ocrx_word' id='word_1_60' title='bbox 322 1187 359 1248; x_wconf 93' lang='lat' dir='ltr'><strong>et</strong></span> <span class='ocrx_word' id='word_1_61' title='bbox 395 1188 498 1249; x_wconf 87' lang='lat' dir='ltr'><strong>erant</strong></span> <span class='ocrx_word' id='word_1_62' title='bbox 529 1188 817 1267; x_wconf 87' lang='lat' dir='ltr'><strong>perseuerantes</strong></span> <span class='ocrx_word' id='word_1_63' title='bbox 850 1204 974 1257; x_wconf 89' lang='lat' dir='ltr'><strong>omnes</strong></span> <span class='ocrx_word' id='word_1_64' title='bbox 1004 1184 1199 1249; x_wconf 88' lang='lat' dir='ltr'><strong>unanimes</strong></span> <span class='ocrx_word' id='word_1_65' title='bbox 1230 1185 1267 1248; x_wconf 89' lang='lat' dir='ltr'><strong>in</strong></span> 
     </span>
     <span class='ocr_line' id='line_1_10' title="bbox 146 1290 1267 1375; baseline -0.002 -19"><span class='ocrx_word' id='word_1_66' title='bbox 146 1290 382 1356; x_wconf 90' lang='lat' dir='ltr'><strong>orationibus</strong></span> <span class='ocrx_word' id='word_1_67' title='bbox 419 1309 500 1356; x_wconf 93' lang='lat' dir='ltr'><strong>cum</strong></span> <span class='ocrx_word' id='word_1_68' title='bbox 535 1290 758 1357; x_wconf 89' lang='lat' dir='ltr'><strong>mulieribus</strong></span> <span class='ocrx_word' id='word_1_69' title='bbox 792 1293 828 1357; x_wconf 88' lang='lat' dir='ltr'><strong>et</strong></span> <span class='ocrx_word' id='word_1_70' title='bbox 857 1292 987 1370; x_wconf 87' lang='lat' dir='ltr'><strong>Maria,</strong></span> <span class='ocrx_word' id='word_1_71' title='bbox 1021 1309 1113 1375; x_wconf 88' lang='lat' dir='ltr'><strong>quae</strong></span> <span class='ocrx_word' id='word_1_72' title='bbox 1143 1291 1267 1356; x_wconf 86' lang='lat' dir='ltr'><strong>fuerat</strong></span> 
     </span>
     <span class='ocr_line' id='line_1_11' title="bbox 99 1397 1264 1476; baseline 0.001 -16"><span class='ocrx_word' id='word_1_73' title='bbox 99 1397 381 1476; x_wconf 69' lang='lat' dir='ltr'><strong>amatorem,</strong></span> <span class='ocrx_word' id='word_1_74' title='bbox 406 1400 443 1463; x_wconf 87' lang='lat' dir='ltr'><strong>et</strong></span> <span class='ocrx_word' id='word_1_75' title='bbox 464 1397 646 1463; x_wconf 88' lang='lat' dir='ltr'><strong>fratribus</strong></span> <span class='ocrx_word' id='word_1_76' title='bbox 670 1398 761 1464; x_wconf 88' lang='lat' dir='ltr'><strong>eius.</strong></span> <span class='ocrx_word' id='word_1_77' title='bbox 791 1401 827 1463; x_wconf 91' lang='lat' dir='ltr'><strong>et</strong></span> <span class='ocrx_word' id='word_1_78' title='bbox 847 1398 884 1462; x_wconf 90' lang='lat' dir='ltr'><strong>in</strong></span> <span class='ocrx_word' id='word_1_79' title='bbox 907 1399 1039 1463; x_wconf 92' lang='lat' dir='ltr'><strong>diebus</strong></span> <span class='ocrx_word' id='word_1_80' title='bbox 1061 1397 1144 1463; x_wconf 91' lang='lat' dir='ltr'><strong>illis</strong></span> <span class='ocrx_word' id='word_1_81' title='bbox 1167 1416 1264 1462; x_wconf 90' lang='lat' dir='ltr'><strong>exur-</strong></span> 
     </span>
     <span class='ocr_line' id='line_1_12' title="bbox 144 1500 1267 1569; baseline 0.002 -3"><span class='ocrx_word' id='word_1_82' title='bbox 144 1503 241 1567; x_wconf 84' lang='lat' dir='ltr'><strong>rexit</strong></span> <span class='ocrx_word' id='word_1_83' title='bbox 270 1500 406 1569; x_wconf 69' lang='lat' dir='ltr'><strong>P&#39;etrus</strong></span> <span class='ocrx_word' id='word_1_84' title='bbox 435 1503 472 1567; x_wconf 90' lang='lat' dir='ltr'><strong>in</strong></span> <span class='ocrx_word' id='word_1_85' title='bbox 504 1503 624 1569; x_wconf 91' lang='lat' dir='ltr'><strong>medio</strong></span> <span class='ocrx_word' id='word_1_86' title='bbox 661 1504 892 1569; x_wconf 86' lang='lat' dir='ltr'><strong>audientium</strong></span> <span class='ocrx_word' id='word_1_87' title='bbox 925 1506 962 1569; x_wconf 91' lang='lat' dir='ltr'><strong>et</strong></span> <span class='ocrx_word' id='word_1_88' title='bbox 992 1503 1089 1568; x_wconf 86' lang='lat' dir='ltr'><strong>dixit</strong></span> <span class='ocrx_word' id='word_1_89' title='bbox 1120 1540 1162 1551; x_wconf 92' lang='lat'><em>-</em></span> <span class='ocrx_word' id='word_1_90' title='bbox 1192 1503 1267 1568; x_wconf 86' lang='lat' dir='ltr'><strong>fuit</strong></span> 
     </span>
     <span class='ocr_line' id='line_1_13' title="bbox 145 1609 1267 1698; baseline 0.001 -26"><span class='ocrx_word' id='word_1_91' title='bbox 145 1613 268 1675; x_wconf 88' lang='lat' dir='ltr'><strong>autem</strong></span> <span class='ocrx_word' id='word_1_92' title='bbox 299 1610 409 1675; x_wconf 88' lang='lat' dir='ltr'><strong>turba</strong></span> <span class='ocrx_word' id='word_1_93' title='bbox 439 1609 476 1675; x_wconf 92' lang='lat' dir='ltr'><strong>in</strong></span> <span class='ocrx_word' id='word_1_94' title='bbox 502 1630 574 1676; x_wconf 89' lang='lat' dir='ltr'><strong>uno</strong></span> <span class='ocrx_word' id='word_1_95' title='bbox 602 1611 790 1678; x_wconf 89' lang='lat' dir='ltr'><strong>hominum</strong></span> <span class='ocrx_word' id='word_1_96' title='bbox 817 1611 924 1693; x_wconf 88' lang='lat' dir='ltr'><strong>quasi</strong></span> <span class='ocrx_word' id='word_1_97' title='bbox 952 1612 1098 1676; x_wconf 90' lang='lat' dir='ltr'><strong>centum</strong></span> <span class='ocrx_word' id='word_1_98' title='bbox 1126 1609 1267 1698; x_wconf 84' lang='lat' dir='ltr'><strong>uiginti</strong></span> 
     </span>
     <span class='ocr_line' id='line_1_14' title="bbox 143 1715 1265 1801; baseline 0.001 -21"><span class='ocrx_word' id='word_1_99' title='bbox 143 1715 217 1781; x_wconf 91' lang='lat' dir='ltr'><strong>uiri</strong></span> <span class='ocrx_word' id='word_1_100' title='bbox 243 1753 287 1763; x_wconf 91' lang='lat'><em>-</em></span> <span class='ocrx_word' id='word_1_101' title='bbox 313 1716 466 1795; x_wconf 83' lang='lat' dir='ltr'><strong>fratres,</strong></span> <span class='ocrx_word' id='word_1_102' title='bbox 496 1719 647 1800; x_wconf 86' lang='lat' dir='ltr'><strong>oportet</strong></span> <span class='ocrx_word' id='word_1_103' title='bbox 673 1717 859 1801; x_wconf 90' lang='lat' dir='ltr'><strong>adinpleri</strong></span> <span class='ocrx_word' id='word_1_104' title='bbox 886 1716 1115 1801; x_wconf 87' lang='lat' dir='ltr'><strong>scripturam</strong></span> <span class='ocrx_word' id='word_1_105' title='bbox 1142 1715 1265 1794; x_wconf 89' lang='lat' dir='ltr'><strong>istam,</strong></span> 
     </span>
     <span class='ocr_line' id='line_1_15' title="bbox 142 1818 1266 1907; baseline 0.004 -27"><span class='ocrx_word' id='word_1_106' title='bbox 142 1840 250 1904; x_wconf 64' lang='lat' dir='ltr'><strong>,quam</strong></span> <span class='ocrx_word' id='word_1_107' title='bbox 272 1823 460 1905; x_wconf 82' lang='lat' dir='ltr'><strong>praedixit</strong></span> <span class='ocrx_word' id='word_1_108' title='bbox 482 1823 642 1907; x_wconf 89' lang='lat' dir='ltr'><strong>spiritus</strong></span> <span class='ocrx_word' id='word_1_109' title='bbox 666 1826 818 1888; x_wconf 83' lang='lat' dir='ltr'><strong>sanctus</strong></span> <span class='ocrx_word' id='word_1_110' title='bbox 847 1843 911 1890; x_wconf 91' lang='lat' dir='ltr'><strong>ore</strong></span> <span class='ocrx_word' id='word_1_111' title='bbox 937 1823 1058 1888; x_wconf 90' lang='lat' dir='ltr'><strong>sancti</strong></span> <span class='ocrx_word' id='word_1_112' title='bbox 1080 1821 1200 1896; x_wconf 89' lang='lat' dir='ltr'><strong>Dauid</strong></span> <span class='ocrx_word' id='word_1_113' title='bbox 1224 1818 1266 1886; x_wconf 88' lang='lat' dir='ltr'><strong>de</strong></span> 
     </span>
    </p>
   </div>
   <div class='ocr_carea' id='block_1_3' title="bbox 98 1928 1381 2014">
    <p class='ocr_par' dir='ltr' id='par_1_3' title="bbox 98 1928 1381 2014">
     <span class='ocr_line' id='line_1_16' title="bbox 98 1928 1381 2014; baseline 0.003 -26"><span class='ocrx_word' id='word_1_114' title='bbox 98 1948 125 1988; x_wconf 76' lang='lat'><strong>16</strong></span> <span class='ocrx_word' id='word_1_115' title='bbox 142 1928 245 2007; x_wconf 87' lang='lat' dir='ltr'><strong>Iuda,</strong></span> <span class='ocrx_word' id='word_1_116' title='bbox 269 1929 332 2011; x_wconf 91' lang='lat' dir='ltr'><strong>qui</strong></span> <span class='ocrx_word' id='word_1_117' title='bbox 353 1929 428 1994; x_wconf 86' lang='lat' dir='ltr'><strong>furt</strong></span> <span class='ocrx_word' id='word_1_118' title='bbox 446 1929 628 1996; x_wconf 84' lang='lat' dir='ltr'><strong>deductor</strong></span> <span class='ocrx_word' id='word_1_119' title='bbox 645 1931 807 2010; x_wconf 87' lang='lat' dir='ltr'><strong>illorum,</strong></span> <span class='ocrx_word' id='word_1_120' title='bbox 827 1930 890 2013; x_wconf 90' lang='lat' dir='ltr'><strong>qui</strong></span> <span class='ocrx_word' id='word_1_121' title='bbox 906 1928 1267 2014; x_wconf 87' lang='lat' dir='ltr'><strong>comprehenderunt</strong></span> <span class='ocrx_word' id='word_1_122' title='bbox 1379 1988 1381 1993; x_wconf 84' lang='lat'><em>.</em></span> 
     </span>
    </p>
   </div>
   <div class='ocr_carea' id='block_1_4' title="bbox 99 2034 1328 3499">
    <p class='ocr_par' dir='ltr' id='par_1_4' title="bbox 99 2034 1328 3499">
     <span class='ocr_line' id='line_1_17' title="bbox 142 2034 1265 2118; baseline 0 -20"><span class='ocrx_word' id='word_1_123' title='bbox 142 2034 276 2114; x_wconf 92' lang='lat' dir='ltr'><strong>Iesum,</strong></span> <span class='ocrx_word' id='word_1_124' title='bbox 300 2036 473 2118; x_wconf 86' lang='lat' dir='ltr'><strong>quoniam</strong></span> <span class='ocrx_word' id='word_1_125' title='bbox 500 2036 765 2107; x_wconf 86' lang='lat' dir='ltr'><strong>adnumeratus</strong></span> <span class='ocrx_word' id='word_1_126' title='bbox 793 2038 872 2100; x_wconf 89' lang='lat' dir='ltr'><strong>erat</strong></span> <span class='ocrx_word' id='word_1_127' title='bbox 897 2036 996 2100; x_wconf 89' lang='lat' dir='ltr'><strong>iuter</strong></span> <span class='ocrx_word' id='word_1_128' title='bbox 1022 2054 1099 2114; x_wconf 92' lang='lat' dir='ltr'><strong>nos,</strong></span> <span class='ocrx_word' id='word_1_129' title='bbox 1123 2034 1186 2117; x_wconf 87' lang='lat' dir='ltr'><strong>qui</strong></span> <span class='ocrx_word' id='word_1_130' title='bbox 1207 2035 1265 2099; x_wconf 93' lang='lat' dir='ltr'><strong>ha·</strong></span> 
     </span>
     <span class='ocr_line' id='line_1_18' title="bbox 142 2140 1267 2227; baseline 0 -23"><span class='ocrx_word' id='word_1_131' title='bbox 142 2140 226 2205; x_wconf 90' lang='lat' dir='ltr'><strong>buit</strong></span> <span class='ocrx_word' id='word_1_132' title='bbox 262 2144 401 2207; x_wconf 88' lang='lat' dir='ltr'><strong>sortem</strong></span> <span class='ocrx_word' id='word_1_133' title='bbox 437 2142 549 2207; x_wconf 90' lang='lat' dir='ltr'><strong>huius</strong></span> <span class='ocrx_word' id='word_1_134' title='bbox 587 2142 804 2208; x_wconf 89' lang='lat' dir='ltr'><strong>ministerii.</strong></span> <span class='ocrx_word' id='word_1_135' title='bbox 845 2142 906 2206; x_wconf 92' lang='lat' dir='ltr'><strong>hic</strong></span> <span class='ocrx_word' id='word_1_136' title='bbox 940 2140 1060 2227; x_wconf 84' lang='lat' dir='ltr'><strong>igitur</strong></span> <span class='ocrx_word' id='word_1_137' title='bbox 1095 2140 1267 2225; x_wconf 92' lang='lat' dir='ltr'><strong>possedit</strong></span> 
     </span>
     <span class='ocr_line' id='line_1_19' title="bbox 143 2246 1266 2332; baseline -0.001 -21"><span class='ocrx_word' id='word_1_138' title='bbox 143 2265 269 2332; x_wconf 83' lang='lat' dir='ltr'><strong>agrurn</strong></span> <span class='ocrx_word' id='word_1_139' title='bbox 302 2247 345 2312; x_wconf 91' lang='lat' dir='ltr'><strong>de</strong></span> <span class='ocrx_word' id='word_1_140' title='bbox 375 2248 545 2313; x_wconf 79' lang='lat' dir='ltr'><strong>mercede</strong></span> <span class='ocrx_word' id='word_1_141' title='bbox 580 2248 797 2314; x_wconf 88' lang='lat' dir='ltr'><strong>iniustitiae</strong></span> <span class='ocrx_word' id='word_1_142' title='bbox 834 2266 922 2313; x_wconf 86' lang='lat' dir='ltr'><strong>suae</strong></span> <span class='ocrx_word' id='word_1_143' title='bbox 954 2249 991 2311; x_wconf 91' lang='lat' dir='ltr'><strong>et</strong></span> <span class='ocrx_word' id='word_1_144' title='bbox 1022 2246 1160 2322; x_wconf 89' lang='lat' dir='ltr'><strong>collum</strong></span> <span class='ocrx_word' id='word_1_145' title='bbox 1192 2246 1266 2312; x_wconf 93' lang='lat' dir='ltr'><strong>sibi</strong></span> 
     </span>
     <span class='ocr_line' id='line_1_20' title="bbox 143 2351 1265 2438; baseline 0.001 -22"><span class='ocrx_word' id='word_1_146' title='bbox 143 2351 321 2438; x_wconf 62' lang='lat' dir='ltr'><strong>alligauit</strong></span> <span class='ocrx_word' id='word_1_147' title='bbox 354 2355 390 2418; x_wconf 90' lang='lat' dir='ltr'><strong>et</strong></span> <span class='ocrx_word' id='word_1_148' title='bbox 422 2354 592 2420; x_wconf 88' lang='lat' dir='ltr'><strong>deiectus</strong></span> <span class='ocrx_word' id='word_1_149' title='bbox 619 2354 656 2418; x_wconf 90' lang='lat' dir='ltr'><strong>in</strong></span> <span class='ocrx_word' id='word_1_150' title='bbox 683 2355 817 2420; x_wconf 86' lang='lat' dir='ltr'><strong>faciem</strong></span> <span class='ocrx_word' id='word_1_151' title='bbox 845 2354 1018 2436; x_wconf 87' lang='lat' dir='ltr'><strong>diruptus</strong></span> <span class='ocrx_word' id='word_1_152' title='bbox 1043 2355 1100 2418; x_wconf 94' lang='lat' dir='ltr'><strong>est</strong></span> <span class='ocrx_word' id='word_1_153' title='bbox 1121 2351 1265 2420; x_wconf 88' lang='lat' dir='ltr'><strong>medius</strong></span> 
     </span>
     <span class='ocr_line' id='line_1_21' title="bbox 99 2457 1328 2542; baseline 0 -20"><span class='ocrx_word' id='word_1_154' title='bbox 99 2482 125 2521; x_wconf 83' lang='lat' dir='ltr'><strong>m</strong></span> <span class='ocrx_word' id='word_1_155' title='bbox 144 2462 180 2522; x_wconf 88' lang='lat' dir='ltr'><strong>et</strong></span> <span class='ocrx_word' id='word_1_156' title='bbox 203 2458 325 2524; x_wconf 87' lang='lat' dir='ltr'><strong>affusa</strong></span> <span class='ocrx_word' id='word_1_157' title='bbox 348 2462 435 2523; x_wconf 88' lang='lat' dir='ltr'><strong>sunt</strong></span> <span class='ocrx_word' id='word_1_158' title='bbox 457 2459 579 2524; x_wconf 89' lang='lat' dir='ltr'><strong>omnia</strong></span> <span class='ocrx_word' id='word_1_159' title='bbox 601 2459 749 2524; x_wconf 91' lang='lat' dir='ltr'><strong>uiscera</strong></span> <span class='ocrx_word' id='word_1_160' title='bbox 772 2460 861 2525; x_wconf 88' lang='lat' dir='ltr'><strong>eins.</strong></span> <span class='ocrx_word' id='word_1_161' title='bbox 894 2458 990 2541; x_wconf 87' lang='lat' dir='ltr'><strong>quod</strong></span> <span class='ocrx_word' id='word_1_162' title='bbox 1013 2459 1050 2523; x_wconf 90' lang='lat' dir='ltr'><strong>et</strong></span> <span class='ocrx_word' id='word_1_163' title='bbox 1074 2457 1265 2542; x_wconf 86' lang='lat' dir='ltr'><strong>cognitum</strong></span> <span class='ocrx_word' id='word_1_164' title='bbox 1326 2526 1328 2530; x_wconf 20' lang='lat' dir='ltr'><strong><em>f</em></strong></span> 
     </span>
     <span class='ocr_line' id='line_1_22' title="bbox 142 2563 1263 2650; baseline 0 -23"><span class='ocrx_word' id='word_1_165' title='bbox 142 2563 283 2629; x_wconf 86' lang='lat' dir='ltr'><strong>facturn</strong></span> <span class='ocrx_word' id='word_1_166' title='bbox 308 2568 366 2631; x_wconf 91' lang='lat' dir='ltr'><strong>est</strong></span> <span class='ocrx_word' id='word_1_167' title='bbox 389 2565 570 2646; x_wconf 89' lang='lat' dir='ltr'><strong>omnibus,</strong></span> <span class='ocrx_word' id='word_1_168' title='bbox 594 2566 657 2650; x_wconf 88' lang='lat' dir='ltr'><strong>qui</strong></span> <span class='ocrx_word' id='word_1_169' title='bbox 678 2565 941 2631; x_wconf 87' lang='lat' dir='ltr'><strong>inhabitabant</strong></span> <span class='ocrx_word' id='word_1_170' title='bbox 957 2565 1263 2649; x_wconf 85' lang='lat' dir='ltr'><strong>Hierosolymam,</strong></span> 
     </span>
     <span class='ocr_line' id='line_1_23' title="bbox 142 2667 1264 2757; baseline 0.002 -24"><span class='ocrx_word' id='word_1_171' title='bbox 142 2669 196 2734; x_wconf 87' lang='lat' dir='ltr'><strong>ita</strong></span> <span class='ocrx_word' id='word_1_172' title='bbox 222 2673 264 2735; x_wconf 88' lang='lat' dir='ltr'><strong>ut</strong></span> <span class='ocrx_word' id='word_1_173' title='bbox 290 2674 492 2737; x_wconf 89' lang='lat' dir='ltr'><strong>uocaretur</strong></span> <span class='ocrx_word' id='word_1_174' title='bbox 522 2690 609 2757; x_wconf 84' lang='lat' dir='ltr'><strong>ager</strong></span> <span class='ocrx_word' id='word_1_175' title='bbox 638 2672 705 2737; x_wconf 92' lang='lat' dir='ltr'><strong>ille</strong></span> <span class='ocrx_word' id='word_1_176' title='bbox 736 2671 902 2755; x_wconf 91' lang='lat' dir='ltr'><strong>ipsorum</strong></span> <span class='ocrx_word' id='word_1_177' title='bbox 932 2671 1065 2754; x_wconf 68' lang='lat' dir='ltr'><strong>lingua⁴</strong></span> <span class='ocrx_word' id='word_1_178' title='bbox 1087 2667 1264 2735; x_wconf 82' lang='lat' dir='ltr'><strong>Achelde-</strong></span> 
     </span>
     <span class='ocr_line' id='line_1_24' title="bbox 142 2765 1263 2863; baseline -0.006 -16"><span class='ocrx_word' id='word_1_179' title='bbox 142 2778 263 2857; x_wconf 86' lang='lat' dir='ltr'><strong>mach,</strong></span> <span class='ocrx_word' id='word_1_180' title='bbox 291 2777 329 2842; x_wconf 88' lang='lat' dir='ltr'><strong>id</strong></span> <span class='ocrx_word' id='word_1_181' title='bbox 357 2779 415 2842; x_wconf 89' lang='lat' dir='ltr'><strong>ast</strong></span> <span class='ocrx_word' id='word_1_182' title='bbox 446 2796 533 2862; x_wconf 85' lang='lat' dir='ltr'><strong>ager</strong></span> <span class='ocrx_word' id='word_1_183' title='bbox 563 2776 770 2863; x_wconf 84' lang='lat' dir='ltr'><strong>sanguinis.</strong></span> <span class='ocrx_word' id='word_1_184' title='bbox 803 2777 984 2861; x_wconf 88' lang='lat' dir='ltr'><strong>scriptum</strong></span> <span class='ocrx_word' id='word_1_185' title='bbox 1016 2778 1074 2841; x_wconf 88' lang='lat' dir='ltr'><strong>est</strong></span> <span class='ocrx_word' id='word_1_186' title='bbox 1102 2775 1196 2841; x_wconf 85' lang='lat' dir='ltr'><strong>enim</strong></span> <span class='ocrx_word' id='word_1_187' title='bbox 1225 2765 1263 2841; x_wconf 87' lang='lat' dir='ltr'><strong>in</strong></span> 
     </span>
     <span class='ocr_line' id='line_1_25' title="bbox 142 2881 1264 2966; baseline 0.004 -20"><span class='ocrx_word' id='word_1_188' title='bbox 142 2883 240 2949; x_wconf 90' lang='lat' dir='ltr'><strong>libro</strong></span> <span class='ocrx_word' id='word_1_189' title='bbox 263 2885 505 2966; x_wconf 88' lang='lat' dir='ltr'><strong>psalmorum:</strong></span> <span class='ocrx_word' id='word_1_190' title='bbox 537 2884 609 2949; x_wconf 87' lang='lat' dir='ltr'><strong>fiat</strong></span> <span class='ocrx_word' id='word_1_191' title='bbox 635 2883 732 2949; x_wconf 89' lang='lat' dir='ltr'><strong>uilla</strong></span> <span class='ocrx_word' id='word_1_192' title='bbox 759 2883 840 2949; x_wconf 88' lang='lat' dir='ltr'><strong>eins</strong></span> <span class='ocrx_word' id='word_1_193' title='bbox 869 2883 1017 2949; x_wconf 88' lang='lat' dir='ltr'><strong>deserta</strong></span> <span class='ocrx_word' id='word_1_194' title='bbox 1044 2884 1080 2947; x_wconf 88' lang='lat' dir='ltr'><strong>et</strong></span> <span class='ocrx_word' id='word_1_195' title='bbox 1106 2901 1175 2947; x_wconf 89' lang='lat' dir='ltr'><strong>non</strong></span> <span class='ocrx_word' id='word_1_196' title='bbox 1203 2881 1264 2960; x_wconf 84' lang='lat' dir='ltr'><strong>sit,</strong></span> 
     </span>
     <span class='ocr_line' id='line_1_26' title="bbox 101 2986 1265 3074; baseline 0 -23"><span class='ocrx_word' id='word_1_197' title='bbox 101 2991 206 3073; x_wconf 77' lang='lat' dir='ltr'><strong>sequi</strong></span> <span class='ocrx_word' id='word_1_198' title='bbox 236 2991 427 3054; x_wconf 91' lang='lat' dir='ltr'><strong>inhabitet</strong></span> <span class='ocrx_word' id='word_1_199' title='bbox 457 2989 494 3054; x_wconf 90' lang='lat' dir='ltr'><strong>in</strong></span> <span class='ocrx_word' id='word_1_200' title='bbox 527 3009 582 3070; x_wconf 89' lang='lat' dir='ltr'><strong>ea,</strong></span> <span class='ocrx_word' id='word_1_201' title='bbox 616 2993 653 3055; x_wconf 91' lang='lat' dir='ltr'><strong>et</strong></span> <span class='ocrx_word' id='word_1_202' title='bbox 688 2990 945 3074; x_wconf 89' lang='lat' dir='ltr'><strong>episcopatum</strong></span> <span class='ocrx_word' id='word_1_203' title='bbox 982 2988 1066 3053; x_wconf 93' lang='lat' dir='ltr'><strong>eius</strong></span> <span class='ocrx_word' id='word_1_204' title='bbox 1102 2986 1265 3070; x_wconf 86' lang='lat' dir='ltr'><strong>accipiat</strong></span> 
     </span>
     <span class='ocr_line' id='line_1_27' title="bbox 143 3095 1265 3181; baseline -0.004 -20"><span class='ocrx_word' id='word_1_205' title='bbox 143 3098 247 3162; x_wconf 90' lang='lat' dir='ltr'><strong>alter.</strong></span> <span class='ocrx_word' id='word_1_206' title='bbox 281 3100 430 3181; x_wconf 88' lang='lat' dir='ltr'><strong>oportet</strong></span> <span class='ocrx_word' id='word_1_207' title='bbox 460 3097 588 3180; x_wconf 90' lang='lat' dir='ltr'><strong>itaque</strong></span> <span class='ocrx_word' id='word_1_208' title='bbox 620 3117 660 3163; x_wconf 91' lang='lat' dir='ltr'><strong>ex</strong></span> <span class='ocrx_word' id='word_1_209' title='bbox 691 3097 750 3161; x_wconf 92' lang='lat' dir='ltr'><strong>his</strong></span> <span class='ocrx_word' id='word_1_210' title='bbox 781 3096 890 3175; x_wconf 90' lang='lat' dir='ltr'><strong>uiris,</strong></span> <span class='ocrx_word' id='word_1_211' title='bbox 920 3095 982 3178; x_wconf 90' lang='lat' dir='ltr'><strong>qui</strong></span> <span class='ocrx_word' id='word_1_212' title='bbox 1009 3095 1265 3161; x_wconf 85' lang='lat' dir='ltr'><strong>conuenerunt</strong></span> 
     </span>
     <span class='ocr_line' id='line_1_28' title="bbox 142 3200 1263 3286; baseline 0.001 -20"><span class='ocrx_word' id='word_1_213' title='bbox 142 3203 336 3268; x_wconf 91' lang='lat' dir='ltr'><strong>nobiscum</strong></span> <span class='ocrx_word' id='word_1_214' title='bbox 362 3203 399 3267; x_wconf 90' lang='lat' dir='ltr'><strong>in</strong></span> <span class='ocrx_word' id='word_1_215' title='bbox 428 3204 525 3269; x_wconf 90' lang='lat' dir='ltr'><strong>omni</strong></span> <span class='ocrx_word' id='word_1_216' title='bbox 552 3205 732 3286; x_wconf 88' lang='lat' dir='ltr'><strong>tempore,</strong></span> <span class='ocrx_word' id='word_1_217' title='bbox 761 3222 831 3286; x_wconf 89' lang='lat' dir='ltr'><strong>quo</strong></span> <span class='ocrx_word' id='word_1_218' title='bbox 859 3200 1039 3269; x_wconf 81' lang='lat' dir='ltr'><strong>introibit</strong></span> <span class='ocrx_word' id='word_1_219' title='bbox 1064 3220 1176 3285; x_wconf 88' lang='lat' dir='ltr'><strong>super</strong></span> <span class='ocrx_word' id='word_1_220' title='bbox 1197 3219 1263 3267; x_wconf 91' lang='lat' dir='ltr'><strong>nos</strong></span> 
     </span>
     <span class='ocr_line' id='line_1_29' title="bbox 143 3308 1262 3392; baseline 0 -20"><span class='ocrx_word' id='word_1_221' title='bbox 143 3311 179 3373; x_wconf 92' lang='lat' dir='ltr'><strong>et</strong></span> <span class='ocrx_word' id='word_1_222' title='bbox 206 3309 371 3374; x_wconf 79' lang='lat' dir='ltr'><strong>excessit</strong></span> <span class='ocrx_word' id='word_1_223' title='bbox 398 3309 568 3376; x_wconf 90' lang='lat' dir='ltr'><strong>dominus</strong></span> <span class='ocrx_word' id='word_1_224' title='bbox 590 3310 697 3376; x_wconf 88' lang='lat' dir='ltr'><strong>Iesus</strong></span> <span class='ocrx_word' id='word_1_225' title='bbox 721 3309 895 3376; x_wconf 80' lang='lat' dir='ltr'><strong>Christus</strong></span> <span class='ocrx_word' id='word_1_226' title='bbox 921 3308 1107 3392; x_wconf 88' lang='lat' dir='ltr'><strong>incipiens</strong></span> <span class='ocrx_word' id='word_1_227' title='bbox 1137 3327 1155 3372; x_wconf 99' lang='lat' dir='ltr'><strong>a</strong></span> <span class='ocrx_word' id='word_1_228' title='bbox 1180 3308 1262 3388; x_wconf 92' lang='lat' dir='ltr'><strong>bap·</strong></span> 
     </span>
     <span class='ocr_line' id='line_1_30' title="bbox 141 3414 1260 3499; baseline -0.002 -21"><span class='ocrx_word' id='word_1_229' title='bbox 141 3415 253 3481; x_wconf 90' lang='lat' dir='ltr'><strong>tismo</strong></span> <span class='ocrx_word' id='word_1_230' title='bbox 276 3416 453 3481; x_wconf 88' lang='lat' dir='ltr'><strong>Iohannis</strong></span> <span class='ocrx_word' id='word_1_231' title='bbox 477 3436 594 3499; x_wconf 90' lang='lat' dir='ltr'><strong>usqua</strong></span> <span class='ocrx_word' id='word_1_232' title='bbox 616 3417 653 3480; x_wconf 90' lang='lat' dir='ltr'><strong>in</strong></span> <span class='ocrx_word' id='word_1_233' title='bbox 675 3416 784 3481; x_wconf 88' lang='lat' dir='ltr'><strong>illurn</strong></span> <span class='ocrx_word' id='word_1_234' title='bbox 808 3415 914 3495; x_wconf 90' lang='lat' dir='ltr'><strong>diem,</strong></span> <span class='ocrx_word' id='word_1_235' title='bbox 943 3433 1012 3498; x_wconf 92' lang='lat' dir='ltr'><strong>quo</strong></span> <span class='ocrx_word' id='word_1_236' title='bbox 1040 3414 1260 3496; x_wconf 87' lang='lat' dir='ltr'><strong>adsumptus</strong></span> 
     </span>
    </p>
   </div>
   <div class='ocr_carea' id='block_1_5' title="bbox 138 3603 1326 4210">
    <p class='ocr_par' dir='ltr' id='par_1_5' title="bbox 138 3603 1326 4210">
     <span class='ocr_line' id='line_1_31' title="bbox 178 3603 1326 3666; baseline -0.002 -8"><span class='ocrx_word' id='word_1_237' title='bbox 178 3608 271 3658; x_wconf 89' lang='lat' dir='ltr'><strong>leum</strong></span> <span class='ocrx_word' id='word_1_238' title='bbox 290 3605 396 3660; x_wconf 88' lang='lat' dir='ltr'><strong>uidistis</strong></span> <span class='ocrx_word' id='word_1_239' title='bbox 413 3607 441 3661; x_wconf 94' lang='lat' dir='ltr'><strong><em>P</em></strong></span> <span class='ocrx_word' id='word_1_240' title='bbox 511 3606 641 3660; x_wconf 83' lang='lat' dir='ltr'><strong>3heleon</strong></span> <span class='ocrx_word' id='word_1_241' title='bbox 659 3607 687 3661; x_wconf 91' lang='lat' dir='ltr'><strong><em>P</em></strong></span> <span class='ocrx_word' id='word_1_242' title='bbox 704 3607 780 3666; x_wconf 89' lang='lat' dir='ltr'><strong>cleon</strong></span> <span class='ocrx_word' id='word_1_243' title='bbox 802 3605 889 3661; x_wconf 80' lang='lat' dir='ltr'><strong>TSBb</strong></span> <span class='ocrx_word' id='word_1_244' title='bbox 961 3603 1166 3659; x_wconf 82' lang='lat' dir='ltr'><strong>5habitant&#39;1&#39;</strong></span> <span class='ocrx_word' id='word_1_245' title='bbox 1235 3605 1263 3657; x_wconf 87' lang='lat' dir='ltr'><strong>et</strong></span> <span class='ocrx_word' id='word_1_246' title='bbox 1325 3630 1326 3633; x_wconf 58' lang='lat'><em>=</em></span> 
     </span>
     <span class='ocr_line' id='line_1_32' title="bbox 141 3691 1262 3766; baseline -0.001 -21"><span class='ocrx_word' id='word_1_247' title='bbox 141 3692 195 3747; x_wconf 92' lang='lat' dir='ltr'><strong>ioh.</strong></span> <span class='ocrx_word' id='word_1_248' title='bbox 212 3693 297 3749; x_wconf 84' lang='lat' dir='ltr'><strong>iacob.</strong></span> <span class='ocrx_word' id='word_1_249' title='bbox 317 3697 344 3747; x_wconf 91' lang='lat' dir='ltr'><strong>et</strong></span> <span class='ocrx_word' id='word_1_250' title='bbox 361 3695 447 3749; x_wconf 77' lang='lat' dir='ltr'><strong>emb</strong></span> <span class='ocrx_word' id='word_1_251' title='bbox 518 3695 742 3766; x_wconf 74' lang='lat' dir='ltr'><strong>dphylippusi&#39;-</strong></span> <span class='ocrx_word' id='word_1_252' title='bbox 820 3695 844 3747; x_wconf 82' lang='grc'><strong>’7</strong></span> <span class='ocrx_word' id='word_1_253' title='bbox 871 3693 992 3748; x_wconf 87' lang='lat' dir='ltr'><strong>matheus</strong></span> <span class='ocrx_word' id='word_1_254' title='bbox 1019 3693 1047 3746; x_wconf 92' lang='lat' dir='ltr'><em>P</em></span> <span class='ocrx_word' id='word_1_255' title='bbox 1120 3691 1208 3762; x_wconf 85' lang='lat' dir='ltr'><strong>alphei</strong></span> <span class='ocrx_word' id='word_1_256' title='bbox 1234 3691 1262 3744; x_wconf 96' lang='lat' dir='ltr'><strong><em>P</em></strong></span> 
     </span>
     <span class='ocr_line' id='line_1_33' title="bbox 141 3778 1259 3853; baseline 0.002 -20"><span class='ocrx_word' id='word_1_257' title='bbox 141 3797 233 3850; x_wconf 82' lang='lat' dir='ltr'><strong>rymon</strong></span> <span class='ocrx_word' id='word_1_258' title='bbox 255 3782 331 3837; x_wconf 81' lang='lat' dir='ltr'><strong>TPR</strong></span> <span class='ocrx_word' id='word_1_259' title='bbox 385 3783 418 3838; x_wconf 91' lang='grc'><strong>10</strong></span> <span class='ocrx_word' id='word_1_260' title='bbox 435 3784 581 3838; x_wconf 86' lang='lat' dir='ltr'><strong>surrexitb</strong></span> <span class='ocrx_word' id='word_1_261' title='bbox 635 3786 667 3839; x_wconf 95' lang='grc'><strong>11</strong></span> <span class='ocrx_word' id='word_1_262' title='bbox 686 3784 852 3840; x_wconf 89' lang='lat' dir='ltr'><strong>audientium</strong></span> <span class='ocrx_word' id='word_1_263' title='bbox 870 3784 979 3853; x_wconf 68' lang='lat' dir='ltr'><strong>scripsi:</strong></span> <span class='ocrx_word' id='word_1_264' title='bbox 997 3783 1142 3837; x_wconf 86' lang='lat' dir='ltr'><strong>dicentium</strong></span> <span class='ocrx_word' id='word_1_265' title='bbox 1160 3778 1259 3836; x_wconf 78' lang='lat' dir='ltr'><strong><em>TPSR</em></strong></span> 
     </span>
     <span class='ocr_line' id='line_1_34' title="bbox 140 3863 1260 3943; baseline 0.002 -21"><span class='ocrx_word' id='word_1_266' title='bbox 140 3867 285 3925; x_wconf 77' lang='lat' dir='ltr'><strong>irahumb</strong></span> <span class='ocrx_word' id='word_1_267' title='bbox 353 3872 387 3926; x_wconf 81' lang='lat'><strong>12</strong></span> <span class='ocrx_word' id='word_1_268' title='bbox 404 3872 504 3943; x_wconf 86' lang='lat' dir='ltr'><strong>autem]</strong></span> <span class='ocrx_word' id='word_1_269' title='bbox 523 3873 593 3927; x_wconf 89' lang='lat' dir='ltr'><strong>enim</strong></span> <span class='ocrx_word' id='word_1_270' title='bbox 610 3872 638 3927; x_wconf 84' lang='lat' dir='ltr'><em>R</em></span> <span class='ocrx_word' id='word_1_271' title='bbox 704 3873 739 3927; x_wconf 84' lang='lat'><strong>18</strong></span> <span class='ocrx_word' id='word_1_272' title='bbox 756 3863 808 3928; x_wconf 84' lang='lat' dir='ltr'><strong>uiri</strong></span> <span class='ocrx_word' id='word_1_273' title='bbox 826 3872 954 3928; x_wconf 73' lang='lat' dir='ltr'><strong>hamesb</strong></span> <span class='ocrx_word' id='word_1_274' title='bbox 1027 3872 1060 3926; x_wconf 85' lang='lat'><strong>14</strong></span> <span class='ocrx_word' id='word_1_275' title='bbox 1078 3887 1131 3941; x_wconf 88' lang='lat' dir='ltr'><strong>qua</strong></span> <span class='ocrx_word' id='word_1_276' title='bbox 1149 3869 1216 3923; x_wconf 89' lang='lat' dir='ltr'><strong>dixit</strong></span> <span class='ocrx_word' id='word_1_277' title='bbox 1232 3868 1260 3924; x_wconf 85' lang='lat' dir='ltr'><strong><em>R</em></strong></span> 
     </span>
     <span class='ocr_line' id='line_1_35' title="bbox 139 3956 1261 4032; baseline 0.002 -22"><span class='ocrx_word' id='word_1_278' title='bbox 139 3958 224 4011; x_wconf 86' lang='lat' dir='ltr'><strong>sancti</strong></span> <span class='ocrx_word' id='word_1_279' title='bbox 242 3975 292 4014; x_wconf 87' lang='lat' dir='ltr'><strong>om.</strong></span> <span class='ocrx_word' id='word_1_280' title='bbox 310 3959 338 4014; x_wconf 84' lang='lat' dir='ltr'><em>R</em></span> <span class='ocrx_word' id='word_1_281' title='bbox 425 3961 460 4015; x_wconf 90' lang='grc'><strong>16</strong></span> <span class='ocrx_word' id='word_1_282' title='bbox 478 3962 613 4031; x_wconf 86' lang='lat' dir='ltr'><strong>quonium]</strong></span> <span class='ocrx_word' id='word_1_283' title='bbox 631 3961 711 4032; x_wconf 86' lang='lat' dir='ltr'><strong>quib</strong></span> <span class='ocrx_word' id='word_1_284' title='bbox 782 3978 831 4016; x_wconf 93' lang='lat' dir='ltr'><strong>uos</strong></span> <span class='ocrx_word' id='word_1_285' title='bbox 848 3961 876 4018; x_wconf 87' lang='lat' dir='ltr'><em>R</em></span> <span class='ocrx_word' id='word_1_286' title='bbox 919 3973 922 3980; x_wconf 83' lang='lat'><strong>·</strong></span> <span class='ocrx_word' id='word_1_287' title='bbox 964 3961 995 4014; x_wconf 82' lang='lat' dir='ltr'><strong>ll</strong></span> <span class='ocrx_word' id='word_1_288' title='bbox 1013 3960 1108 4030; x_wconf 79' lang='lat' dir='ltr'><strong>igitur]</strong></span> <span class='ocrx_word' id='word_1_289' title='bbox 1127 3975 1189 4029; x_wconf 78' lang='lat' dir='ltr'><strong>ergo</strong></span> <span class='ocrx_word' id='word_1_290' title='bbox 1207 3956 1261 4012; x_wconf 88' lang='lat' dir='ltr'><strong>PR</strong></span> 
     </span>
     <span class='ocr_line' id='line_1_36' title="bbox 140 4040 1261 4121; baseline 0.001 -23"><span class='ocrx_word' id='word_1_291' title='bbox 140 4045 174 4099; x_wconf 92' lang='lat'><strong>18</strong></span> <span class='ocrx_word' id='word_1_292' title='bbox 187 4045 229 4117; x_wconf 90' lang='lat' dir='ltr'><strong>de]</strong></span> <span class='ocrx_word' id='word_1_293' title='bbox 249 4063 279 4100; x_wconf 87' lang='lat' dir='ltr'><strong>ex</strong></span> <span class='ocrx_word' id='word_1_294' title='bbox 296 4047 339 4102; x_wconf 89' lang='lat' dir='ltr'><strong>Pb</strong></span> <span class='ocrx_word' id='word_1_295' title='bbox 393 4049 426 4103; x_wconf 82' lang='lat'><strong>19</strong></span> <span class='ocrx_word' id='word_1_296' title='bbox 444 4048 575 4121; x_wconf 89' lang='lat' dir='ltr'><strong>diruptus]</strong></span> <span class='ocrx_word' id='word_1_297' title='bbox 594 4040 736 4106; x_wconf 84' lang='lat' dir='ltr'><strong>diuisusR</strong></span> <span class='ocrx_word' id='word_1_298' title='bbox 788 4048 1032 4104; x_wconf 74' lang='lat' dir='ltr'><strong>21hebitabanto</strong></span> <span class='ocrx_word' id='word_1_299' title='bbox 1085 4047 1120 4120; x_wconf 77' lang='grc'><strong>22</strong></span> <span class='ocrx_word' id='word_1_300' title='bbox 1138 4044 1261 4108; x_wconf 81' lang='lat' dir='ltr'><strong>schalde·</strong></span> 
     </span>
     <span class='ocr_line' id='line_1_37' title="bbox 138 4134 1080 4210; baseline 0.004 -23"><span class='ocrx_word' id='word_1_301' title='bbox 138 4134 214 4189; x_wconf 86' lang='lat' dir='ltr'><strong>mach</strong></span> <span class='ocrx_word' id='word_1_302' title='bbox 232 4136 282 4191; x_wconf 84' lang='lat' dir='ltr'><strong>Ps</strong></span> <span class='ocrx_word' id='word_1_303' title='bbox 298 4136 464 4192; x_wconf 86' lang='lat' dir='ltr'><strong>acheldemac</strong></span> <span class='ocrx_word' id='word_1_304' title='bbox 481 4137 510 4192; x_wconf 85' lang='lat' dir='ltr'><em>R</em></span> <span class='ocrx_word' id='word_1_305' title='bbox 563 4138 597 4192; x_wconf 79' lang='lat'><strong>25</strong></span> <span class='ocrx_word' id='word_1_306' title='bbox 616 4139 762 4210; x_wconf 84' lang='lat' dir='ltr'><strong>aecipietb</strong></span> <span class='ocrx_word' id='word_1_307' title='bbox 816 4139 849 4192; x_wconf 79' lang='lat'><strong>27</strong></span> <span class='ocrx_word' id='word_1_308' title='bbox 869 4139 958 4210; x_wconf 89' lang='lat' dir='ltr'><strong>super]</strong></span> <span class='ocrx_word' id='word_1_309' title='bbox 976 4137 1080 4195; x_wconf 83' lang='lat' dir='ltr'><strong>interd</strong></span> 
     </span>
    </p>
   </div>
   <div class='ocr_carea' id='block_1_6' title="bbox 0 0 1474 4628">
    <p class='ocr_par' dir='ltr' id='par_1_6' title="bbox 0 0 1474 4628">
     <span class='ocr_line' id='line_1_38' title="bbox 0 0 1474 4628; baseline 0 2"><span class='ocrx_word' id='word_1_310' title='bbox 0 0 1474 4628; x_wconf 95' lang='lat' dir='ltr'><strong> </strong></span> 
     </span>
    </p>
   </div>
  </div>
 </body>
</html>
