<?xml version="1.0" encoding="UTF-8"?>
<!DOCTYPE html PUBLIC "-//W3C//DTD XHTML 1.0 Transitional//EN"
    "http://www.w3.org/TR/xhtml1/DTD/xhtml1-transitional.dtd">
<html xmlns="http://www.w3.org/1999/xhtml" xml:lang="en" lang="en">
 <head>
  <title>
</title>
<meta http-equiv="Content-Type" content="text/html;charset=utf-8" />
  <meta name='ocr-system' content='tesseract 3.04.00' />
  <meta name='ocr-capabilities' content='ocr_page ocr_carea ocr_par ocr_line ocrx_word'/>
</head>
<body>
  <div class='ocr_page' id='page_1' title='image "./sanctiavreliavg00zychgoog_0107.png"; bbox 0 0 2940 4628; ppageno 0'>
   <div class='ocr_carea' id='block_1_1' title="bbox 237 254 1009 322">
    <p class='ocr_par' dir='ltr' id='par_1_1' title="bbox 237 254 1009 322">
     <span class='ocr_line' id='line_1_1' title="bbox 237 254 1009 322; baseline -0.012 -7"><span class='ocrx_word' id='word_1_1' title='bbox 237 258 300 320; x_wconf 88' lang='lat'>808</span> <span class='ocrx_word' id='word_1_2' title='bbox 579 255 605 307; x_wconf 86' lang='lat' dir='ltr'>S.</span> <span class='ocrx_word' id='word_1_3' title='bbox 633 254 767 307; x_wconf 77' lang='lat' dir='ltr'><strong>Aureli</strong></span> <span class='ocrx_word' id='word_1_4' title='bbox 795 254 1009 322; x_wconf 80' lang='lat' dir='ltr'>Augustini</span> 
     </span>
    </p>
   </div>
   <div class='ocr_carea' id='block_1_2' title="bbox 234 448 1405 3499">
    <p class='ocr_par' dir='ltr' id='par_1_2' title="bbox 234 448 1390 853">
     <span class='ocr_line' id='line_1_2' title="bbox 236 448 1390 533; baseline 0.002 -20"><span class='ocrx_word' id='word_1_5' title='bbox 236 450 450 533; x_wconf 86' lang='lat' dir='ltr'>apostolorum</span> <span class='ocrx_word' id='word_1_6' title='bbox 478 449 601 532; x_wconf 88' lang='lat' dir='ltr'>quando</span> <span class='ocrx_word' id='word_1_7' title='bbox 629 448 757 532; x_wconf 78' lang='lat' dir='ltr'>aspiro?</span> <span class='ocrx_word' id='word_1_8' title='bbox 784 484 829 494; x_wconf 95' lang='lat'>-</span> <span class='ocrx_word' id='word_1_9' title='bbox 861 451 1012 530; x_wconf 90' lang='lat' dir='ltr'>quantum</span> <span class='ocrx_word' id='word_1_10' title='bbox 1044 449 1121 512; x_wconf 90' lang='lat' dir='ltr'>mihi</span> <span class='ocrx_word' id='word_1_11' title='bbox 1149 450 1293 515; x_wconf 89' lang='lat' dir='ltr'>dominus</span> <span class='ocrx_word' id='word_1_12' title='bbox 1322 450 1360 515; x_wconf 90' lang='lat' dir='ltr'>de</span> <span class='ocrx_word' id='word_1_13' title='bbox 1388 519 1390 523; x_wconf 66' lang='grc'>,</span> 
     </span>
     <span class='ocr_line' id='line_1_3' title="bbox 234 554 1360 639; baseline 0.001 -19"><span class='ocrx_word' id='word_1_14' title='bbox 234 555 304 639; x_wconf 91' lang='lat' dir='ltr'>ipso</span> <span class='ocrx_word' id='word_1_15' title='bbox 330 555 442 638; x_wconf 92' lang='lat' dir='ltr'>spiritu</span> <span class='ocrx_word' id='word_1_16' title='bbox 466 575 523 621; x_wconf 89' lang='lat' dir='ltr'>suo</span> <span class='ocrx_word' id='word_1_17' title='bbox 546 555 655 639; x_wconf 87' lang='lat' dir='ltr'>largiri</span> <span class='ocrx_word' id='word_1_18' title='bbox 678 554 824 638; x_wconf 84' lang='lat' dir='ltr'>dignatos</span> <span class='ocrx_word' id='word_1_19' title='bbox 849 557 907 632; x_wconf 90' lang='lat' dir='ltr'>est,</span> <span class='ocrx_word' id='word_1_20' title='bbox 931 573 1048 619; x_wconf 91' lang='lat' dir='ltr'>euacuo</span> <span class='ocrx_word' id='word_1_21' title='bbox 1073 555 1245 620; x_wconf 73' lang='lat' dir='ltr'><strong>doctrinam</strong></span> <span class='ocrx_word' id='word_1_22' title='bbox 1262 555 1360 623; x_wconf 87' lang='lat' dir='ltr'>Mani·</span> 
     </span>
     <span class='ocr_line' id='line_1_4' title="bbox 236 660 1361 745; baseline -0.001 -18"><span class='ocrx_word' id='word_1_23' title='bbox 236 663 335 740; x_wconf 90' lang='lat' dir='ltr'>chaei,</span> <span class='ocrx_word' id='word_1_24' title='bbox 359 680 431 726; x_wconf 91' lang='lat' dir='ltr'>curn</span> <span class='ocrx_word' id='word_1_25' title='bbox 455 661 614 745; x_wconf 80' lang='lat' dir='ltr'>coeperint</span> <span class='ocrx_word' id='word_1_26' title='bbox 635 660 700 744; x_wconf 82' lang='lat' dir='ltr'>legi</span> <span class='ocrx_word' id='word_1_27' title='bbox 723 661 886 742; x_wconf 79' lang='lat' dir='ltr'>sequentia</span> <span class='ocrx_word' id='word_1_28' title='bbox 907 661 994 726; x_wconf 90' lang='lat' dir='ltr'>illius</span> <span class='ocrx_word' id='word_1_29' title='bbox 1018 662 1180 744; x_wconf 77' lang='lat' dir='ltr'>epistulae,</span> <span class='ocrx_word' id='word_1_30' title='bbox 1209 681 1303 744; x_wconf 86' lang='lat' dir='ltr'>quam</span> <span class='ocrx_word' id='word_1_31' title='bbox 1324 665 1361 726; x_wconf 89' lang='lat' dir='ltr'>tu</span> 
     </span>
     <span class='ocr_line' id='line_1_5' title="bbox 234 767 810 853; baseline 0 -21"><span class='ocrx_word' id='word_1_32' title='bbox 234 769 303 853; x_wconf 89' lang='lat' dir='ltr'>ipse</span> <span class='ocrx_word' id='word_1_33' title='bbox 326 767 503 832; x_wconf 81' lang='lat' dir='ltr'>Manichaei</span> <span class='ocrx_word' id='word_1_34' title='bbox 526 785 680 833; x_wconf 91' lang='lat' dir='ltr'>essenon</span> <span class='ocrx_word' id='word_1_35' title='bbox 704 785 810 851; x_wconf 84' lang='lat' dir='ltr'>negas.</span> 
     </span>
    </p>

    <p class='ocr_par' dir='ltr' id='par_1_3' title="bbox 234 866 1405 1486">
     <span class='ocr_line' id='line_1_6' title="bbox 277 866 1405 962; baseline -0.004 -23"><span class='ocrx_word' id='word_1_36' title='bbox 277 875 357 939; x_wconf 79' lang='lat' dir='ltr'>FEL.</span> <span class='ocrx_word' id='word_1_37' title='bbox 385 872 479 938; x_wconf 88' lang='lat' dir='ltr'>dixit:</span> <span class='ocrx_word' id='word_1_38' title='bbox 507 866 635 951; x_wconf 77' lang='lat' dir='ltr'>Dixisti,</span> <span class='ocrx_word' id='word_1_39' title='bbox 665 874 738 954; x_wconf 90' lang='lat' dir='ltr'>quia</span> <span class='ocrx_word' id='word_1_40' title='bbox 765 874 899 957; x_wconf 88' lang='lat' dir='ltr'>apostoli</span> <span class='ocrx_word' id='word_1_41' title='bbox 927 875 964 939; x_wconf 94' lang='lat' dir='ltr'>de</span> <span class='ocrx_word' id='word_1_42' title='bbox 993 892 1119 958; x_wconf 89' lang='lat' dir='ltr'>corpore</span> <span class='ocrx_word' id='word_1_43' title='bbox 1146 878 1360 962; x_wconf 86' lang='lat' dir='ltr'>recesserunt;</span> <span class='ocrx_word' id='word_1_44' title='bbox 1392 894 1405 934; x_wconf 84' lang='lat' dir='ltr'>s</span> 
     </span>
     <span class='ocr_line' id='line_1_7' title="bbox 237 980 1361 1065; baseline 0 -19"><span class='ocrx_word' id='word_1_45' title='bbox 237 981 410 1065; x_wconf 83' lang='lat' dir='ltr'>scripturae</span> <span class='ocrx_word' id='word_1_46' title='bbox 434 999 541 1045; x_wconf 90' lang='lat' dir='ltr'>eorum</span> <span class='ocrx_word' id='word_1_47' title='bbox 564 980 673 1044; x_wconf 89' lang='lat' dir='ltr'>ualent</span> <span class='ocrx_word' id='word_1_48' title='bbox 694 999 794 1062; x_wconf 88' lang='lat' dir='ltr'>usque</span> <span class='ocrx_word' id='word_1_49' title='bbox 821 999 904 1045; x_wconf 91' lang='lat' dir='ltr'>nunc</span> <span class='ocrx_word' id='word_1_50' title='bbox 927 1033 935 1048; x_wconf 91' lang='lat'><strong>.</strong></span> <span class='ocrx_word' id='word_1_51' title='bbox 960 984 992 1046; x_wconf 90' lang='lat' dir='ltr'>et</span> <span class='ocrx_word' id='word_1_52' title='bbox 1018 981 1092 1062; x_wconf 90' lang='lat' dir='ltr'>quia</span> <span class='ocrx_word' id='word_1_53' title='bbox 1114 981 1190 1045; x_wconf 83' lang='lat' dir='ltr'>dixit</span> <span class='ocrx_word' id='word_1_54' title='bbox 1212 982 1361 1063; x_wconf 81' lang='lat' dir='ltr'>sanctitas</span> 
     </span>
     <span class='ocr_line' id='line_1_8' title="bbox 236 1085 1361 1169; baseline 0.002 -18"><span class='ocrx_word' id='word_1_55' title='bbox 236 1091 293 1152; x_wconf 90' lang='lat' dir='ltr'>tua</span> <span class='ocrx_word' id='word_1_56' title='bbox 316 1088 348 1151; x_wconf 91' lang='lat' dir='ltr'>et</span> <span class='ocrx_word' id='word_1_57' title='bbox 371 1086 445 1168; x_wconf 88' lang='lat' dir='ltr'>quia</span> <span class='ocrx_word' id='word_1_58' title='bbox 468 1085 582 1151; x_wconf 89' lang='lat' dir='ltr'>dedisti</span> <span class='ocrx_word' id='word_1_59' title='bbox 604 1088 795 1169; x_wconf 89' lang='lat' dir='ltr'>potestatem</span> <span class='ocrx_word' id='word_1_60' title='bbox 818 1086 952 1164; x_wconf 90' lang='lat' dir='ltr'>dicendi,</span> <span class='ocrx_word' id='word_1_61' title='bbox 976 1106 1055 1168; x_wconf 87' lang='lat' dir='ltr'>quae</span> <span class='ocrx_word' id='word_1_62' title='bbox 1077 1087 1271 1152; x_wconf 91' lang='lat' dir='ltr'>uoluerimus</span> <span class='ocrx_word' id='word_1_63' title='bbox 1294 1087 1361 1153; x_wconf 88' lang='lat' dir='ltr'>sine</span> 
     </span>
     <span class='ocr_line' id='line_1_9' title="bbox 237 1191 1359 1282; baseline 0.003 -26"><span class='ocrx_word' id='word_1_64' title='bbox 237 1193 304 1282; x_wconf 85' lang='lat' dir='ltr'>nlla</span> <span class='ocrx_word' id='word_1_65' title='bbox 326 1191 501 1270; x_wconf 85' lang='lat' dir='ltr'>formidine,</span> <span class='ocrx_word' id='word_1_66' title='bbox 526 1191 631 1257; x_wconf 83' lang='lat' dir='ltr'>dixisti</span> <span class='ocrx_word' id='word_1_67' title='bbox 656 1210 784 1270; x_wconf 87' lang='lat' dir='ltr'>,euacuo</span> <span class='ocrx_word' id='word_1_68' title='bbox 807 1193 912 1276; x_wconf 85' lang='lat' dir='ltr'>legem</span> <span class='ocrx_word' id='word_1_69' title='bbox 929 1193 1125 1271; x_wconf 89' lang='lat' dir='ltr'>Manichaei’,</span> <span class='ocrx_word' id='word_1_70' title='bbox 1145 1196 1177 1257; x_wconf 93' lang='lat' dir='ltr'>et</span> <span class='ocrx_word' id='word_1_71' title='bbox 1194 1212 1253 1277; x_wconf 87' lang='lat' dir='ltr'>ego</span> <span class='ocrx_word' id='word_1_72' title='bbox 1272 1192 1359 1258; x_wconf 91' lang='lat' dir='ltr'>dico:</span> 
     </span>
     <span class='ocr_line' id='line_1_10' title="bbox 236 1297 1361 1383; baseline -0.002 -18"><span class='ocrx_word' id='word_1_73' title='bbox 236 1298 355 1366; x_wconf 93' lang='lat' dir='ltr'>omnis</span> <span class='ocrx_word' id='word_1_74' title='bbox 383 1298 490 1363; x_wconf 92' lang='lat' dir='ltr'>homo</span> <span class='ocrx_word' id='word_1_75' title='bbox 518 1298 686 1376; x_wconf 88' lang='lat' dir='ltr'>mendax,</span> <span class='ocrx_word' id='word_1_76' title='bbox 715 1297 819 1364; x_wconf 91' lang='lat' dir='ltr'>solus</span> <span class='ocrx_word' id='word_1_77' title='bbox 848 1299 937 1364; x_wconf 88' lang='lat' dir='ltr'>deus</span> <span class='ocrx_word' id='word_1_78' title='bbox 963 1319 1088 1376; x_wconf 83' lang='lat' dir='ltr'>uorax3</span> <span class='ocrx_word' id='word_1_79' title='bbox 1117 1299 1287 1383; x_wconf 87' lang='lat' dir='ltr'>scripturae</span> <span class='ocrx_word' id='word_1_80' title='bbox 1311 1299 1361 1365; x_wconf 93' lang='lat' dir='ltr'>dei</span> 
     </span>
     <span class='ocr_line' id='line_1_11' title="bbox 234 1406 1404 1486; baseline -0.005 -17"><span class='ocrx_word' id='word_1_81' title='bbox 234 1406 415 1486; x_wconf 89' lang='lat' dir='ltr'>loquuntur.</span> <span class='ocrx_word' id='word_1_82' title='bbox 1378 1423 1404 1463; x_wconf 79' lang='lat' dir='ltr'>xo</span> 
     </span>
    </p>

    <p class='ocr_par' dir='ltr' id='par_1_4' title="bbox 234 1509 1404 3499">
     <span class='ocr_line' id='line_1_12' title="bbox 280 1509 1362 1594; baseline 0 -20"><span class='ocrx_word' id='word_1_83' title='bbox 280 1512 309 1574; x_wconf 83' lang='lat'>7.</span> <span class='ocrx_word' id='word_1_84' title='bbox 342 1511 427 1576; x_wconf 64' lang='grc' dir='ltr'>ΑΗΘ.</span> <span class='ocrx_word' id='word_1_85' title='bbox 452 1509 547 1575; x_wconf 86' lang='lat' dir='ltr'>dixit:</span> <span class='ocrx_word' id='word_1_86' title='bbox 580 1511 626 1574; x_wconf 83' lang='lat' dir='ltr'>Tu</span> <span class='ocrx_word' id='word_1_87' title='bbox 655 1511 778 1593; x_wconf 88' lang='lat' dir='ltr'>quidem</span> <span class='ocrx_word' id='word_1_88' title='bbox 809 1514 842 1576; x_wconf 93' lang='lat' dir='ltr'>et</span> <span class='ocrx_word' id='word_1_89' title='bbox 867 1511 960 1577; x_wconf 95' lang='lat' dir='ltr'>homo</span> <span class='ocrx_word' id='word_1_90' title='bbox 985 1530 1023 1576; x_wconf 90' lang='lat' dir='ltr'>es</span> <span class='ocrx_word' id='word_1_91' title='bbox 1051 1512 1092 1589; x_wconf 90' lang='lat' dir='ltr'>et,</span> <span class='ocrx_word' id='word_1_92' title='bbox 1117 1511 1200 1576; x_wconf 89' lang='lat' dir='ltr'>sicut</span> <span class='ocrx_word' id='word_1_93' title='bbox 1220 1529 1270 1576; x_wconf 96' lang='lat' dir='ltr'>res</span> <span class='ocrx_word' id='word_1_94' title='bbox 1291 1510 1362 1594; x_wconf 91' lang='lat' dir='ltr'>ipsa</span> 
     </span>
     <span class='ocr_line' id='line_1_13' title="bbox 235 1616 1361 1701; baseline -0.001 -19"><span class='ocrx_word' id='word_1_95' title='bbox 235 1616 328 1684; x_wconf 88' lang='lat' dir='ltr'>modo</span> <span class='ocrx_word' id='word_1_96' title='bbox 357 1619 531 1684; x_wconf 88' lang='lat' dir='ltr'>indicatura</span> <span class='ocrx_word' id='word_1_97' title='bbox 558 1621 617 1696; x_wconf 90' lang='lat' dir='ltr'>est,</span> <span class='ocrx_word' id='word_1_98' title='bbox 645 1618 784 1682; x_wconf 85' lang='lat' dir='ltr'>mendax.</span> <span class='ocrx_word' id='word_1_99' title='bbox 819 1621 851 1682; x_wconf 90' lang='lat' dir='ltr'>et</span> <span class='ocrx_word' id='word_1_100' title='bbox 878 1618 1024 1701; x_wconf 92' lang='lat' dir='ltr'>quoniam</span> <span class='ocrx_word' id='word_1_101' title='bbox 1050 1618 1178 1682; x_wconf 90' lang='lat' dir='ltr'>locutus</span> <span class='ocrx_word' id='word_1_102' title='bbox 1206 1637 1249 1696; x_wconf 92' lang='lat' dir='ltr'>es,</span> <span class='ocrx_word' id='word_1_103' title='bbox 1282 1636 1361 1700; x_wconf 90' lang='lat' dir='ltr'>quae</span> 
     </span>
     <span class='ocr_line' id='line_1_14' title="bbox 235 1723 1359 1808; baseline -0.003 -20"><span class='ocrx_word' id='word_1_104' title='bbox 235 1725 381 1803; x_wconf 92' lang='lat' dir='ltr'>uoluisti,</span> <span class='ocrx_word' id='word_1_105' title='bbox 404 1745 466 1790; x_wconf 91' lang='lat' dir='ltr'>non</span> <span class='ocrx_word' id='word_1_106' title='bbox 489 1723 527 1788; x_wconf 97' lang='lat' dir='ltr'>de</span> <span class='ocrx_word' id='word_1_107' title='bbox 551 1723 704 1807; x_wconf 90' lang='lat' dir='ltr'>scriptura</span> <span class='ocrx_word' id='word_1_108' title='bbox 727 1724 786 1802; x_wconf 90' lang='lat' dir='ltr'>dei,</span> <span class='ocrx_word' id='word_1_109' title='bbox 810 1727 934 1808; x_wconf 88' lang='lat' dir='ltr'>oportet</span> <span class='ocrx_word' id='word_1_110' title='bbox 952 1727 984 1789; x_wconf 93' lang='lat' dir='ltr'>et</span> <span class='ocrx_word' id='word_1_111' title='bbox 1000 1743 1051 1789; x_wconf 94' lang='lat' dir='ltr'>me</span> <span class='ocrx_word' id='word_1_112' title='bbox 1069 1724 1157 1807; x_wconf 91' lang='lat' dir='ltr'>loqui</span> <span class='ocrx_word' id='word_1_113' title='bbox 1175 1723 1258 1806; x_wconf 89' lang='lat' dir='ltr'>quod</span> <span class='ocrx_word' id='word_1_114' title='bbox 1275 1724 1359 1788; x_wconf 91' lang='lat' dir='ltr'>uolo.</span> 
     </span>
     <span class='ocr_line' id='line_1_15' title="bbox 236 1817 1359 1913; baseline -0.002 -19"><span class='ocrx_word' id='word_1_115' title='bbox 236 1830 264 1894; x_wconf 88' lang='lat' dir='ltr'>si</span> <span class='ocrx_word' id='word_1_116' title='bbox 287 1830 369 1895; x_wconf 89' lang='lat' dir='ltr'>enim</span> <span class='ocrx_word' id='word_1_117' title='bbox 394 1830 510 1894; x_wconf 90' lang='lat' dir='ltr'>ueritas</span> <span class='ocrx_word' id='word_1_118' title='bbox 534 1831 584 1896; x_wconf 90' lang='lat' dir='ltr'>est</span> <span class='ocrx_word' id='word_1_119' title='bbox 604 1817 781 1895; x_wconf 85' lang='lat' dir='ltr'>Manichaei</span> <span class='ocrx_word' id='word_1_120' title='bbox 802 1831 861 1908; x_wconf 92' lang='lat' dir='ltr'>tui,</span> <span class='ocrx_word' id='word_1_121' title='bbox 884 1849 941 1895; x_wconf 88' lang='lat' dir='ltr'>nec</span> <span class='ocrx_word' id='word_1_122' title='bbox 964 1850 983 1894; x_wconf 93' lang='lat' dir='ltr'>a</span> <span class='ocrx_word' id='word_1_123' title='bbox 1004 1848 1054 1894; x_wconf 92' lang='lat' dir='ltr'>me</span> <span class='ocrx_word' id='word_1_124' title='bbox 1082 1829 1202 1899; x_wconf 84' lang='lat' dir='ltr'>destrui</span> <span class='ocrx_word' id='word_1_125' title='bbox 1226 1828 1359 1913; x_wconf 78' lang='lat' dir='ltr'>poterit3</span> 
     </span>
     <span class='ocr_line' id='line_1_16' title="bbox 238 1934 1404 2017; baseline -0.002 -17"><span class='ocrx_word' id='word_1_126' title='bbox 238 1936 266 2000; x_wconf 88' lang='lat' dir='ltr'>si</span> <span class='ocrx_word' id='word_1_127' title='bbox 289 1935 411 2000; x_wconf 86' lang='lat' dir='ltr'>falsitas</span> <span class='ocrx_word' id='word_1_128' title='bbox 435 1937 494 2012; x_wconf 91' lang='lat' dir='ltr'>est,</span> <span class='ocrx_word' id='word_1_129' title='bbox 522 1935 598 2016; x_wconf 89' lang='lat' dir='ltr'>quid</span> <span class='ocrx_word' id='word_1_130' title='bbox 624 1934 764 2013; x_wconf 91' lang='lat' dir='ltr'>interest,</span> <span class='ocrx_word' id='word_1_131' title='bbox 793 1954 898 2017; x_wconf 89' lang='lat' dir='ltr'>aquo</span> <span class='ocrx_word' id='word_1_132' title='bbox 928 1936 1130 2000; x_wconf 76' lang='lat' dir='ltr'>destruatur?</span> <span class='ocrx_word' id='word_1_133' title='bbox 1161 1937 1266 1999; x_wconf 89' lang='lat' dir='ltr'>tamen</span> <span class='ocrx_word' id='word_1_134' title='bbox 1289 1934 1362 2016; x_wconf 91' lang='lat' dir='ltr'>quia</span> <span class='ocrx_word' id='word_1_135' title='bbox 1379 1951 1404 1991; x_wconf 66' lang='grc' dir='ltr'>ιε</span> 
     </span>
     <span class='ocr_line' id='line_1_17' title="bbox 239 2040 1360 2132; baseline -0.001 -27"><span class='ocrx_word' id='word_1_136' title='bbox 239 2041 277 2106; x_wconf 97' lang='lat' dir='ltr'>de</span> <span class='ocrx_word' id='word_1_137' title='bbox 304 2042 518 2125; x_wconf 88' lang='lat' dir='ltr'>apostolorum</span> <span class='ocrx_word' id='word_1_138' title='bbox 546 2041 700 2124; x_wconf 88' lang='lat' dir='ltr'>scriptura</span> <span class='ocrx_word' id='word_1_139' title='bbox 727 2042 842 2120; x_wconf 81' lang='lat' dir='ltr'>dixisti,</span> <span class='ocrx_word' id='word_1_140' title='bbox 870 2042 954 2123; x_wconf 86' lang='lat' dir='ltr'>quod</span> <span class='ocrx_word' id='word_1_141' title='bbox 981 2041 1042 2107; x_wconf 85' lang='lat' dir='ltr'>etsi</span> <span class='ocrx_word' id='word_1_142' title='bbox 1067 2042 1115 2105; x_wconf 93' lang='lat' dir='ltr'>illi</span> <span class='ocrx_word' id='word_1_143' title='bbox 1142 2060 1203 2107; x_wconf 93' lang='lat' dir='ltr'>non</span> <span class='ocrx_word' id='word_1_144' title='bbox 1232 2040 1360 2132; x_wconf 86' lang='lat' dir='ltr'>suntin</span> 
     </span>
     <span class='ocr_line' id='line_1_18' title="bbox 238 2146 1361 2231; baseline -0.002 -19"><span class='ocrx_word' id='word_1_145' title='bbox 238 2166 375 2230; x_wconf 91' lang='lat' dir='ltr'>corpore,</span> <span class='ocrx_word' id='word_1_146' title='bbox 408 2149 482 2211; x_wconf 86' lang='lat' dir='ltr'>sunt</span> <span class='ocrx_word' id='word_1_147' title='bbox 512 2146 564 2211; x_wconf 94' lang='lat' dir='ltr'>hic</span> <span class='ocrx_word' id='word_1_148' title='bbox 595 2147 766 2231; x_wconf 89' lang='lat' dir='ltr'>scripturae</span> <span class='ocrx_word' id='word_1_149' title='bbox 799 2167 903 2213; x_wconf 88' lang='lat' dir='ltr'>eorum</span> <span class='ocrx_word' id='word_1_150' title='bbox 932 2185 975 2194; x_wconf 93' lang='lat'><em>-</em></span> <span class='ocrx_word' id='word_1_151' title='bbox 1002 2150 1074 2212; x_wconf 90' lang='lat' dir='ltr'>ante</span> <span class='ocrx_word' id='word_1_152' title='bbox 1101 2147 1260 2230; x_wconf 88' lang='lat' dir='ltr'>adsumpti</span> <span class='ocrx_word' id='word_1_153' title='bbox 1286 2150 1361 2211; x_wconf 90' lang='lat' dir='ltr'>sunt</span> 
     </span>
     <span class='ocr_line' id='line_1_19' title="bbox 237 2252 1360 2337; baseline 0 -20"><span class='ocrx_word' id='word_1_154' title='bbox 237 2252 381 2337; x_wconf 86' lang='lat' dir='ltr'>apostoli,</span> <span class='ocrx_word' id='word_1_155' title='bbox 414 2271 508 2334; x_wconf 86' lang='lat' dir='ltr'>quam</span> <span class='ocrx_word' id='word_1_156' title='bbox 540 2271 623 2318; x_wconf 90' lang='lat' dir='ltr'>error</span> <span class='ocrx_word' id='word_1_157' title='bbox 653 2253 829 2319; x_wconf 90' lang='lat' dir='ltr'>Manichaei</span> <span class='ocrx_word' id='word_1_158' title='bbox 859 2257 951 2319; x_wconf 90' lang='lat' dir='ltr'>natus</span> <span class='ocrx_word' id='word_1_159' title='bbox 982 2254 1015 2318; x_wconf 92' lang='lat' dir='ltr'>in</span> <span class='ocrx_word' id='word_1_160' title='bbox 1045 2254 1164 2318; x_wconf 57' lang='lat' dir='ltr'>mundo,</span> <span class='ocrx_word' id='word_1_161' title='bbox 1189 2253 1291 2318; x_wconf 85' lang='lat' dir='ltr'>fuerat</span> <span class='ocrx_word' id='word_1_162' title='bbox 1316 2289 1360 2300; x_wconf 91' lang='lat'><em>-</em></span> 
     </span>
     <span class='ocr_line' id='line_1_20' title="bbox 236 2358 1360 2444; baseline 0.004 -22"><span class='ocrx_word' id='word_1_163' title='bbox 236 2361 400 2443; x_wconf 87' lang='lat' dir='ltr'>propterea</span> <span class='ocrx_word' id='word_1_164' title='bbox 431 2377 492 2422; x_wconf 94' lang='lat' dir='ltr'>non</span> <span class='ocrx_word' id='word_1_165' title='bbox 522 2358 727 2423; x_wconf 90' lang='lat' dir='ltr'>inueniuntur</span> <span class='ocrx_word' id='word_1_166' title='bbox 758 2360 928 2443; x_wconf 85' lang='lat' dir='ltr'>scripturae</span> <span class='ocrx_word' id='word_1_167' title='bbox 960 2361 1172 2444; x_wconf 89' lang='lat' dir='ltr'>apostolorum</span> <span class='ocrx_word' id='word_1_168' title='bbox 1200 2359 1360 2426; x_wconf 90' lang='lat' dir='ltr'>euidenter</span> 
     </span>
     <span class='ocr_line' id='line_1_21' title="bbox 236 2464 1402 2549; baseline -0.001 -20"><span class='ocrx_word' id='word_1_169' title='bbox 236 2468 344 2531; x_wconf 91' lang='lat' dir='ltr'>contra</span> <span class='ocrx_word' id='word_1_170' title='bbox 365 2464 586 2530; x_wconf 91' lang='lat' dir='ltr'>Manichaeum</span> <span class='ocrx_word' id='word_1_171' title='bbox 614 2464 812 2531; x_wconf 88' lang='lat' dir='ltr'>disserentes.</span> <span class='ocrx_word' id='word_1_172' title='bbox 844 2469 1060 2531; x_wconf 86' lang='lat' dir='ltr'>uernmtamon</span> <span class='ocrx_word' id='word_1_173' title='bbox 1088 2466 1170 2549; x_wconf 89' lang='lat' dir='ltr'>quod</span> <span class='ocrx_word' id='word_1_174' title='bbox 1197 2465 1359 2549; x_wconf 88' lang='lat' dir='ltr'>apostolus</span> <span class='ocrx_word' id='word_1_175' title='bbox 1375 2482 1402 2521; x_wconf 76' lang='lat'>2⁰</span> 
     </span>
     <span class='ocr_line' id='line_1_22' title="bbox 234 2569 1359 2654; baseline -0.001 -19"><span class='ocrx_word' id='word_1_176' title='bbox 234 2571 353 2635; x_wconf 91' lang='lat' dir='ltr'>Paulus</span> <span class='ocrx_word' id='word_1_177' title='bbox 375 2569 407 2634; x_wconf 92' lang='lat' dir='ltr'>in</span> <span class='ocrx_word' id='word_1_178' title='bbox 431 2570 543 2653; x_wconf 91' lang='lat' dir='ltr'>spiritu</span> <span class='ocrx_word' id='word_1_179' title='bbox 565 2570 628 2635; x_wconf 93' lang='lat' dir='ltr'>isto</span> <span class='ocrx_word' id='word_1_180' title='bbox 652 2572 759 2647; x_wconf 86' lang='lat' dir='ltr'>sancto</span> <span class='ocrx_word' id='word_1_181' title='bbox 782 2572 949 2654; x_wconf 90' lang='lat' dir='ltr'>paracleto,</span> <span class='ocrx_word' id='word_1_182' title='bbox 973 2590 1067 2653; x_wconf 91' lang='lat' dir='ltr'>quem</span> <span class='ocrx_word' id='word_1_183' title='bbox 1086 2573 1256 2652; x_wconf 86' lang='lat' dir='ltr'>acceperat,</span> <span class='ocrx_word' id='word_1_184' title='bbox 1275 2571 1359 2635; x_wconf 86' lang='lat' dir='ltr'>futu·</span> 
     </span>
     <span class='ocr_line' id='line_1_23' title="bbox 235 2676 1359 2759; baseline 0.003 -21"><span class='ocrx_word' id='word_1_185' title='bbox 235 2694 304 2739; x_wconf 91' lang='lat' dir='ltr'>rum</span> <span class='ocrx_word' id='word_1_186' title='bbox 336 2676 526 2759; x_wconf 80' lang='lat' dir='ltr'>praeciderit</span> <span class='ocrx_word' id='word_1_187' title='bbox 557 2676 594 2741; x_wconf 93' lang='lat' dir='ltr'>de</span> <span class='ocrx_word' id='word_1_188' title='bbox 625 2676 753 2755; x_wconf 90' lang='lat' dir='ltr'>talibus,</span> <span class='ocrx_word' id='word_1_189' title='bbox 785 2677 888 2759; x_wconf 91' lang='lat' dir='ltr'>qualis</span> <span class='ocrx_word' id='word_1_190' title='bbox 915 2676 1117 2742; x_wconf 89' lang='lat' dir='ltr'>Manichaeus</span> <span class='ocrx_word' id='word_1_191' title='bbox 1146 2676 1217 2756; x_wconf 88' lang='lat' dir='ltr'>fuit,</span> <span class='ocrx_word' id='word_1_192' title='bbox 1249 2677 1359 2757; x_wconf 89' lang='lat' dir='ltr'>quales</span> 
     </span>
     <span class='ocr_line' id='line_1_24' title="bbox 237 2781 1359 2865; baseline 0.002 -21"><span class='ocrx_word' id='word_1_193' title='bbox 237 2781 313 2844; x_wconf 86' lang='lat' dir='ltr'>estis</span> <span class='ocrx_word' id='word_1_194' title='bbox 337 2783 369 2843; x_wconf 91' lang='lat' dir='ltr'>et</span> <span class='ocrx_word' id='word_1_195' title='bbox 390 2799 460 2858; x_wconf 91' lang='lat' dir='ltr'>uos,</span> <span class='ocrx_word' id='word_1_196' title='bbox 483 2781 591 2856; x_wconf 80' lang='lat' dir='ltr'>recito,</span> <span class='ocrx_word' id='word_1_197' title='bbox 615 2784 652 2845; x_wconf 90' lang='lat' dir='ltr'>ut</span> <span class='ocrx_word' id='word_1_198' title='bbox 674 2799 837 2864; x_wconf 84' lang='lat' dir='ltr'>agnoscas.</span> <span class='ocrx_word' id='word_1_199' title='bbox 862 2783 894 2845; x_wconf 95' lang='lat' dir='ltr'>et</span> <span class='ocrx_word' id='word_1_200' title='bbox 916 2784 1045 2864; x_wconf 86' lang='lat' dir='ltr'>accepta</span> <span class='ocrx_word' id='word_1_201' title='bbox 1068 2781 1203 2864; x_wconf 90' lang='lat' dir='ltr'>epistula</span> <span class='ocrx_word' id='word_1_202' title='bbox 1225 2781 1359 2865; x_wconf 91' lang='lat' dir='ltr'>apostoli</span> 
     </span>
     <span class='ocr_line' id='line_1_25' title="bbox 235 2884 1358 2970; baseline 0.001 -21"><span class='ocrx_word' id='word_1_203' title='bbox 235 2885 328 2949; x_wconf 88' lang='lat' dir='ltr'>Pauli</span> <span class='ocrx_word' id='word_1_204' title='bbox 364 2884 403 2948; x_wconf 90' lang='lat' dir='ltr'>ad</span> <span class='ocrx_word' id='word_1_205' title='bbox 438 2884 638 2950; x_wconf 68' lang='lat' dir='ltr'>timotheum</span> <span class='ocrx_word' id='word_1_206' title='bbox 672 2886 770 2970; x_wconf 85' lang='lat' dir='ltr'>legit:</span> <span class='ocrx_word' id='word_1_207' title='bbox 807 2884 965 2969; x_wconf 87' lang='lat' dir='ltr'>spiritus</span> <span class='ocrx_word' id='word_1_208' title='bbox 1003 2889 1125 2950; x_wconf 91' lang='lat' dir='ltr'>autem</span> <span class='ocrx_word' id='word_1_209' title='bbox 1160 2886 1358 2967; x_wconf 84' lang='lat' dir='ltr'>manifeste</span> 
     </span>
     <span class='ocr_line' id='line_1_26' title="bbox 237 2990 1402 3075; baseline -0.003 -21"><span class='ocrx_word' id='word_1_210' title='bbox 237 2990 339 3066; x_wconf 89' lang='lat' dir='ltr'>dicit,</span> <span class='ocrx_word' id='word_1_211' title='bbox 355 2990 453 3073; x_wconf 92' lang='lat' dir='ltr'>quod</span> <span class='ocrx_word' id='word_1_212' title='bbox 471 2991 507 3054; x_wconf 93' lang='lat' dir='ltr'>in</span> <span class='ocrx_word' id='word_1_213' title='bbox 525 2991 745 3060; x_wconf 90' lang='lat' dir='ltr'>nouissimis</span> <span class='ocrx_word' id='word_1_214' title='bbox 764 2991 996 3074; x_wconf 86' lang='lat' dir='ltr'>temporibus</span> <span class='ocrx_word' id='word_1_215' title='bbox 1016 2992 1192 3057; x_wconf 91' lang='lat' dir='ltr'>recedent</span> <span class='ocrx_word' id='word_1_216' title='bbox 1210 2992 1358 3075; x_wconf 88' lang='lat' dir='ltr'>quidam</span> <span class='ocrx_word' id='word_1_217' title='bbox 1374 3011 1402 3052; x_wconf 81' lang='lat' dir='ltr'>aa</span> 
     </span>
     <span class='ocr_line' id='line_1_27' title="bbox 239 3082 1357 3181; baseline 0.004 -22"><span class='ocrx_word' id='word_1_218' title='bbox 239 3082 355 3161; x_wconf 88' lang='lat' dir='ltr'>afide</span> <span class='ocrx_word' id='word_1_219' title='bbox 379 3096 624 3162; x_wconf 90' lang='lat' dir='ltr'>adtendentes</span> <span class='ocrx_word' id='word_1_220' title='bbox 649 3097 850 3181; x_wconf 87' lang='lat' dir='ltr'>spiritibus</span> <span class='ocrx_word' id='word_1_221' title='bbox 875 3098 1149 3177; x_wconf 87' lang='lat' dir='ltr'>seductoribus,</span> <span class='ocrx_word' id='word_1_222' title='bbox 1174 3098 1357 3163; x_wconf 90' lang='lat' dir='ltr'>doctrinis</span> 
     </span>
     <span class='ocr_line' id='line_1_28' title="bbox 238 3201 1357 3286; baseline 0.004 -22"><span class='ocrx_word' id='word_1_223' title='bbox 238 3201 516 3267; x_wconf 88' lang='lat' dir='ltr'>daemoniorum</span> <span class='ocrx_word' id='word_1_224' title='bbox 541 3202 577 3267; x_wconf 91' lang='lat' dir='ltr'>in</span> <span class='ocrx_word' id='word_1_225' title='bbox 605 3202 797 3286; x_wconf 83' lang='lat' dir='ltr'>hypocrisi</span> <span class='ocrx_word' id='word_1_226' title='bbox 823 3204 1206 3286; x_wconf 89' lang='lat' dir='ltr'>mendaciloquorum,</span> <span class='ocrx_word' id='word_1_227' title='bbox 1236 3208 1357 3270; x_wconf 89' lang='lat' dir='ltr'>caute-</span> 
     </span>
     <span class='ocr_line' id='line_1_29' title="bbox 236 3307 1356 3394; baseline 0.004 -24"><span class='ocrx_word' id='word_1_228' title='bbox 236 3308 369 3371; x_wconf 91' lang='lat' dir='ltr'>riatam</span> <span class='ocrx_word' id='word_1_229' title='bbox 392 3307 573 3372; x_wconf 86' lang='lat' dir='ltr'>habentes</span> <span class='ocrx_word' id='word_1_230' title='bbox 597 3308 867 3373; x_wconf 89' lang='lat' dir='ltr'>conscientiam</span> <span class='ocrx_word' id='word_1_231' title='bbox 894 3329 1007 3389; x_wconf 90' lang='lat' dir='ltr'>suam,</span> <span class='ocrx_word' id='word_1_232' title='bbox 1030 3309 1274 3394; x_wconf 90' lang='lat' dir='ltr'>prohibentes</span> <span class='ocrx_word' id='word_1_233' title='bbox 1298 3329 1356 3374; x_wconf 90' lang='lat' dir='ltr'>nu-</span> 
     </span>
     <span class='ocr_line' id='line_1_30' title="bbox 234 3413 1356 3499; baseline 0.003 -22"><span class='ocrx_word' id='word_1_234' title='bbox 234 3413 330 3490; x_wconf 90' lang='lat' dir='ltr'>bere,</span> <span class='ocrx_word' id='word_1_235' title='bbox 359 3413 549 3478; x_wconf 90' lang='lat' dir='ltr'>abstinere</span> <span class='ocrx_word' id='word_1_236' title='bbox 578 3431 595 3477; x_wconf 89' lang='lat' dir='ltr'>a</span> <span class='ocrx_word' id='word_1_237' title='bbox 622 3413 728 3493; x_wconf 92' lang='lat' dir='ltr'>cibis,</span> <span class='ocrx_word' id='word_1_238' title='bbox 757 3432 850 3496; x_wconf 83' lang='lat' dir='ltr'>quos</span> <span class='ocrx_word' id='word_1_239' title='bbox 879 3415 969 3481; x_wconf 89' lang='lat' dir='ltr'>deus</span> <span class='ocrx_word' id='word_1_240' title='bbox 998 3416 1142 3481; x_wconf 89' lang='lat' dir='ltr'>creauit</span> <span class='ocrx_word' id='word_1_241' title='bbox 1169 3415 1212 3480; x_wconf 97' lang='lat' dir='ltr'>ad</span> <span class='ocrx_word' id='word_1_242' title='bbox 1243 3417 1356 3499; x_wconf 90' lang='lat' dir='ltr'>perci-</span> 
     </span>
    </p>
   </div>
   <div class='ocr_carea' id='block_1_3' title="bbox 322 3629 1066 3700">
    <p class='ocr_par' dir='ltr' id='par_1_5' title="bbox 322 3629 1066 3700">
     <span class='ocr_line' id='line_1_31' title="bbox 322 3629 1066 3700; baseline 0.003 -17"><span class='ocrx_word' id='word_1_243' title='bbox 322 3629 399 3684; x_wconf 74' lang='lat' dir='ltr'>ans.</span> <span class='ocrx_word' id='word_1_244' title='bbox 419 3629 479 3693; x_wconf 83' lang='lat'>115,</span> <span class='ocrx_word' id='word_1_245' title='bbox 498 3629 531 3692; x_wconf 82' lang='lat' dir='ltr'>a;</span> <span class='ocrx_word' id='word_1_246' title='bbox 549 3629 624 3683; x_wconf 78' lang='lat' dir='ltr'>eom.</span> <span class='ocrx_word' id='word_1_247' title='bbox 644 3629 668 3694; x_wconf 84' lang='lat' dir='ltr'>a,</span> <span class='ocrx_word' id='word_1_248' title='bbox 687 3631 705 3682; x_wconf 81' lang='lat'>4</span> <span class='ocrx_word' id='word_1_249' title='bbox 758 3629 792 3682; x_wconf 74' lang='lat' dir='ltr'>aa</span> <span class='ocrx_word' id='word_1_250' title='bbox 811 3629 826 3682; x_wconf 91' lang='lat'>1</span> <span class='ocrx_word' id='word_1_251' title='bbox 843 3629 910 3686; x_wconf 78' lang='lat' dir='ltr'>ron.</span> <span class='ocrx_word' id='word_1_252' title='bbox 928 3633 954 3695; x_wconf 82' lang='lat'>4,</span> <span class='ocrx_word' id='word_1_253' title='bbox 975 3633 987 3684; x_wconf 92' lang='lat'><em>1</em></span> <span class='ocrx_word' id='word_1_254' title='bbox 1008 3647 1066 3700; x_wconf 76' lang='lat' dir='ltr'>sqq.</span> 
     </span>
    </p>
   </div>
   <div class='ocr_carea' id='block_1_4' title="bbox 235 3778 1358 4114">
    <p class='ocr_par' dir='ltr' id='par_1_6' title="bbox 235 3778 1358 4114">
     <span class='ocr_line' id='line_1_32' title="bbox 272 3778 1358 3851; baseline 0.002 -19"><span class='ocrx_word' id='word_1_255' title='bbox 272 3778 411 3848; x_wconf 87' lang='lat' dir='ltr'>lquando</span> <span class='ocrx_word' id='word_1_256' title='bbox 431 3778 471 3844; x_wconf 82' lang='lat' dir='ltr'>(in</span> <span class='ocrx_word' id='word_1_257' title='bbox 488 3794 572 3848; x_wconf 80' lang='lat' dir='ltr'>morp.</span> <span class='ocrx_word' id='word_1_258' title='bbox 591 3779 620 3831; x_wconf 89' lang='lat' dir='ltr'>al</span> <span class='ocrx_word' id='word_1_259' title='bbox 638 3779 728 3848; x_wconf 85' lang='lat' dir='ltr'>q1h)b</span> <span class='ocrx_word' id='word_1_260' title='bbox 794 3779 948 3850; x_wconf 72' lang='lat' dir='ltr'>3ceperint</span> <span class='ocrx_word' id='word_1_261' title='bbox 965 3779 993 3834; x_wconf 93' lang='lat' dir='ltr'><strong><em>P</em></strong></span> <span class='ocrx_word' id='word_1_262' title='bbox 1059 3781 1204 3851; x_wconf 80' lang='lat' dir='ltr'>ldedisti]</span> <span class='ocrx_word' id='word_1_263' title='bbox 1222 3781 1314 3836; x_wconf 84' lang='lat' dir='ltr'>dixisti</span> <span class='ocrx_word' id='word_1_264' title='bbox 1330 3782 1358 3835; x_wconf 93' lang='lat' dir='ltr'><strong><em>P</em></strong></span> 
     </span>
     <span class='ocr_line' id='line_1_33' title="bbox 235 3865 1356 3940; baseline 0.005 -21"><span class='ocrx_word' id='word_1_265' title='bbox 235 3867 276 3920; x_wconf 81' lang='lat' dir='ltr'>lia</span> <span class='ocrx_word' id='word_1_266' title='bbox 298 3881 381 3934; x_wconf 69' lang='lat' dir='ltr'>mara.</span> <span class='ocrx_word' id='word_1_267' title='bbox 404 3866 480 3934; x_wconf 77' lang='lat' dir='ltr'>sa&#39;pao</span> <span class='ocrx_word' id='word_1_268' title='bbox 497 3882 510 3917; x_wconf 90' lang='lat' dir='ltr'>r</span> <span class='ocrx_word' id='word_1_269' title='bbox 529 3867 603 3938; x_wconf 82' lang='lat' dir='ltr'>opp.)</span> <span class='ocrx_word' id='word_1_270' title='bbox 677 3867 708 3919; x_wconf 93' lang='grc'>11</span> <span class='ocrx_word' id='word_1_271' title='bbox 732 3867 760 3919; x_wconf 89' lang='lat' dir='ltr'>et</span> <span class='ocrx_word' id='word_1_272' title='bbox 782 3882 832 3921; x_wconf 86' lang='lat' dir='ltr'>om.</span> <span class='ocrx_word' id='word_1_273' title='bbox 849 3865 893 3920; x_wconf 85' lang='lat' dir='ltr'>Po</span> <span class='ocrx_word' id='word_1_274' title='bbox 965 3867 997 3920; x_wconf 84' lang='lat' dir='ltr'>ld</span> <span class='ocrx_word' id='word_1_275' title='bbox 1021 3866 1116 3921; x_wconf 84' lang='lat' dir='ltr'>sintb</span> <span class='ocrx_word' id='word_1_276' title='bbox 1170 3871 1203 3923; x_wconf 86' lang='grc'>17</span> <span class='ocrx_word' id='word_1_277' title='bbox 1222 3870 1356 3940; x_wconf 86' lang='lat' dir='ltr'>scriptab</span> 
     </span>
     <span class='ocr_line' id='line_1_34' title="bbox 235 3940 1356 4028; baseline 0.004 -20"><span class='ocrx_word' id='word_1_278' title='bbox 235 3954 269 4008; x_wconf 90' lang='grc'>18</span> <span class='ocrx_word' id='word_1_279' title='bbox 287 3955 315 4008; x_wconf 92' lang='lat' dir='ltr'>in</span> <span class='ocrx_word' id='word_1_280' title='bbox 333 3952 430 4007; x_wconf 90' lang='lat' dir='ltr'>mundo</span> <span class='ocrx_word' id='word_1_281' title='bbox 448 3954 526 4006; x_wconf 87' lang='lat' dir='ltr'>natus</span> <span class='ocrx_word' id='word_1_282' title='bbox 544 3940 597 4007; x_wconf 77' lang='lat' dir='ltr'>PR</span> <span class='ocrx_word' id='word_1_283' title='bbox 651 3953 685 4023; x_wconf 84' lang='grc'>20</span> <span class='ocrx_word' id='word_1_284' title='bbox 703 3946 877 4009; x_wconf 83' lang='lat' dir='ltr'>ueruntamen</span> <span class='ocrx_word' id='word_1_285' title='bbox 899 3955 925 4008; x_wconf 79' lang='grc' dir='ltr'><em>Τ</em></span> <span class='ocrx_word' id='word_1_286' title='bbox 993 3954 1057 4025; x_wconf 90' lang='lat' dir='ltr'>quid</span> <span class='ocrx_word' id='word_1_287' title='bbox 1074 3955 1128 4011; x_wconf 86' lang='lat' dir='ltr'>PR</span> <span class='ocrx_word' id='word_1_288' title='bbox 1181 3959 1216 4025; x_wconf 76' lang='lat'>22</span> <span class='ocrx_word' id='word_1_289' title='bbox 1235 3959 1356 4028; x_wconf 86' lang='lat' dir='ltr'>qualisb</span> 
     </span>
     <span class='ocr_line' id='line_1_35' title="bbox 235 4040 1358 4114; baseline 0.004 -20"><span class='ocrx_word' id='word_1_290' title='bbox 235 4042 268 4096; x_wconf 80' lang='lat'>23</span> <span class='ocrx_word' id='word_1_291' title='bbox 287 4041 361 4112; x_wconf 88' lang='lat' dir='ltr'>pauli</span> <span class='ocrx_word' id='word_1_292' title='bbox 374 4040 488 4111; x_wconf 86' lang='lat' dir='ltr'>apostoli</span> <span class='ocrx_word' id='word_1_293' title='bbox 501 4040 544 4094; x_wconf 90' lang='lat' dir='ltr'>Pb</span> <span class='ocrx_word' id='word_1_294' title='bbox 584 4042 618 4093; x_wconf 82' lang='lat'>24</span> <span class='ocrx_word' id='word_1_295' title='bbox 635 4040 813 4095; x_wconf 86' lang='lat' dir='ltr'>thimotheum</span> <span class='ocrx_word' id='word_1_296' title='bbox 826 4042 853 4098; x_wconf 83' lang='lat' dir='ltr'><em>R</em></span> <span class='ocrx_word' id='word_1_297' title='bbox 894 4044 927 4096; x_wconf 81' lang='lat'>25</span> <span class='ocrx_word' id='word_1_298' title='bbox 942 4043 1005 4114; x_wconf 87' lang='lat' dir='ltr'>qnia</span> <span class='ocrx_word' id='word_1_299' title='bbox 1018 4042 1108 4098; x_wconf 82' lang='lat' dir='ltr'>PPSb</span> <span class='ocrx_word' id='word_1_300' title='bbox 1144 4045 1178 4097; x_wconf 78' lang='lat'>27</span> <span class='ocrx_word' id='word_1_301' title='bbox 1192 4045 1358 4114; x_wconf 85' lang='lat' dir='ltr'>hipocrisiP</span> 
     </span>
    </p>
   </div>
   <div class='ocr_carea' id='block_1_5' title="bbox 234 4129 412 4200">
    <p class='ocr_par' dir='ltr' id='par_1_7' title="bbox 234 4129 412 4200">
     <span class='ocr_line' id='line_1_36' title="bbox 234 4129 412 4200; baseline 0.006 -17"><span class='ocrx_word' id='word_1_302' title='bbox 234 4129 367 4200; x_wconf 86' lang='lat' dir='ltr'>ypochrisi</span> <span class='ocrx_word' id='word_1_303' title='bbox 384 4129 412 4184; x_wconf 84' lang='lat' dir='ltr'><em>R</em></span> 
     </span>
    </p>
   </div>
   <div class='ocr_carea' id='block_1_6' title="bbox 0 0 1474 4628">
    <p class='ocr_par' dir='ltr' id='par_1_8' title="bbox 0 0 1474 4628">
     <span class='ocr_line' id='line_1_37' title="bbox 0 0 1474 4628; baseline 0 0"><span class='ocrx_word' id='word_1_304' title='bbox 0 0 1474 4628; x_wconf 95' lang='lat' dir='ltr'> </span> 
     </span>
    </p>
   </div>
  </div>
 </body>
</html>
