2940 4628
265 271 328 334 830
601 266 627 320 S.
653 225 792 320 'Aureli
819 265 1030 336 Augustini
1061 243 1063 247 ¹

265 463 318 545 qui
349 465 432 540 sunt,
462 462 516 545 qui
542 475 655 548 nomen
683 462 799 529 Christi
825 462 942 528 hahent
969 466 1001 528 et
1026 460 1196 529 mittuntur
1221 462 1253 526 in
1279 463 1384 547 ignem

264 572 425 634 aeternum
454 588 525 633 cum
554 569 677 635 diabolo
706 557 738 633 et
764 569 883 654 angelis
912 569 989 649 eius,
1018 569 1114 634 etad
1146 588 1239 652 quam
1265 573 1385 652 partem

264 675 420 758 pertinent
450 676 515 755 isti,
550 676 663 758 quibus
696 661 841 748 Christus
872 696 933 742 non
964 677 1179 760 permiscetur,
1212 680 1244 740 et
1273 693 1385 740 nomen

265 782 331 846 eius
354 785 505 864 portant?
528 782 588 848 hoc
612 783 694 847 enim
712 783 915 849 Manichacus
938 783 1025 861 dicit,
1048 783 1119 865 quia
1143 802 1222 865 quos
1241 782 1385 849 Christus

264 889 400 967 damnat,
424 887 526 972 ipsius
549 909 610 955 non
634 890 717 955 sunt.
750 909 822 953 nam
844 890 963 954 Paulus
991 889 1152 972 apostolus
1180 889 1274 954 dicit:
1305 908 1385 972 pru·
1417 908 1430 948 a

265 995 391 1059 dentis
414 996 535 1061 carnis
558 996 712 1061 inimica
734 999 792 1061 est
814 996 894 1072 deo;
927 996 1003 1080 legi
1032 997 1126 1061 enim
1153 996 1213 1061 dei
1235 1015 1304 1061 non
1328 997 1386 1060 est

265 1101 438 1166 subiecta
456 1116 521 1168 nec
536 1103 637 1168 'enim
654 1107 790 1187 potest.
814 1103 874 1168 hoo
888 1103 1091 1168 Manichacus
1110 1103 1196 1182 dicit,
1215 1102 1288 1184 quia
1306 1121 1385 1184 quae

260 1207 391 1273 inimica
413 1211 463 1274 est
485 1209 553 1288 deo,
582 1210 621 1274 ad
648 1210 741 1275 deum
768 1229 829 1276 non
856 1209 1008 1294 pertinet3
1042 1210 1069 1275 si
1096 1212 1202 1274 autem
1229 1191 1391 1273 addeum

264 1314 408 1396 pertinet,
431 1315 499 1399 ipse
523 1315 584 1380 sibi
605 1315 768 1381 inimicum
791 1316 883 1392 leoit3
907 1315 967 1381 hoo
989 1310 1191 1381 Manichacus
1213 1334 1274 1381 uon
1298 1314 1384 1380 dicit.

263 1419 378 1486 iterum
414 1421 533 1485 Paulus
570 1420 664 1485 dicit:
706 1420 796 1485 deus
834 1421 977 1485 saeculi
1017 1420 1129 1484 huius
1170 1419 1430 1486 exeaeoauitu

266 1529 409 1591 mentes
431 1527 646 1606 infidelium
670 1528 712 1591 ad
734 1547 804 1602 non
828 1527 1148 1610 contemplandam
1172 1527 1385 1592 claritatem

266 1633 455 1716 euangelii
474 1633 626 1713 Christi,
647 1635 709 1716 qui
732 1636 791 1698 est
812 1634 933 1718 imago
957 1633 1024 1700 dei.
1047 1633 1116 1716 ipse
1133 1633 1251 1698 Paulus
1269 1633 1385 1697 iterum

266 1729 362 1814 dicit;
394 1739 504 1804 datus
532 1743 590 1805 est
615 1739 913 1819 mihi‘stimulus
942 1740 1062 1805 carnis
1089 1758 1204 1818 meae,
1229 1739 1383 1822 augelus

265 1847 427 1924 satanae,
449 1847 511 1928 qui
528 1866 583 1912 me
603 1847 815 1930 colaphizat
834 1846 891 1912 die
911 1865 950 1912 ac
968 1848 1090 1922 nocte3
1114 1848 1265 1933 propter
1288 1845 1384 1927 quod

265 1950 451 2015 seminum
474 1951 615 2036 rogaui,
639 1955 681 2015 ue
703 1937 914 2017 diseederet
941 1971 959 2016 a
985 1972 1039 2017 me
1064 2004 1070 2018 .
1096 1955 1132 2016 ee
1159 1952 1252 2017 uixit
1278 1951 1382 2015 mini:
1401 1963 1427 2006 u

266 2057 418 2126 suflicit
448 2057 520 2123 tibi
552 2059 673 2143 gratia
704 2077 795 2135 mea3
828 2078 908 2123 nam
939 2059 1062 2124 uirtus
1094 2059 1130 2122 in
1158 2058 1383 2122 infirmitate

263 2164 451 2247 probatur.
486 2184 558 2230 ecce
581 2165 656 2248 quid
679 2166 841 2249 apostolus
864 2164 950 2244 dixit,
979 2183 1050 2229 ecce
1077 2164 1152 2247 quid
1180 2164 1382 2248 euangelista.

264 2290 336 2336 oum
358 2271 560 2336 Manichacus
588 2271 647 2337 hoc
675 2270 808 2348 adserat,
837 2270 909 2354 quia
936 2272 985 2334 est
1012 2271 1174 2339 extraneus
1197 2289 1215 2333 a
1237 2269 1305 2348 deo,
1329 2269 1384 2352 qui

264 2378 370 2442 contra
402 2377 495 2442 deum
525 2376 658 2441 bellauit
686 2393 728 2423 -’-
758 2376 826 2441 siue
853 2376 926 2458 quia
953 2374 1096 2441 Christus
1128 2371 1292 2442 crucifixus
1323 2378 1382 2454 est,

264 2483 332 2547 siue
355 2482 428 2566 quia
450 2483 585 2566 apostoli
608 2501 715 2547 omnes
738 2486 864 2565 propter
891 2482 940 2546 dei
967 2471 1146 2546 mandatum
1169 2520 1214 2530 —
1235 2483 1306 2562 iste,
1329 2483 1383 2564 qui
1400 2492 1426 2533 ²⁰

265 2608 318 2653 eos
347 2589 508 2668 crucifixit,
537 2589 586 2653 oui
614 2590 795 2653 mandatum
824 2588 873 2653 dei
899 2606 960 2653 non
982 2589 1094 2671 placet,
1117 2588 1178 2654 hoc
1199 2588 1277 2653 mihi
1299 2589 1383 2654 dicat

264 2695 413 2760 sanctitas
435 2697 500 2774 tua,
525 2696 553 2762 si
576 2695 615 2760 ad
638 2696 731 2760 deum
753 2695 897 2779 pertinet.

309 2804 338 2869 3.
370 2802 455 2868 Auo.
484 2802 578 2868 dixit:
612 2801 787 2884 Scripturas
815 2804 948 2880 sanctas,
977 2821 1053 2884 quas
1080 2822 1141 2867 non
1170 2801 1381 2886 intellegendo

264 2908 357 3004 longe
395 2928 413 2972 a
448 2909 582 2973 ueritate
609 2907 769 2985 aberratis,
799 2925 1038 2978 commemorare
1065 2907 1207 2985 uoluisti,
1234 2908 1324 2972 uelut
1346 2926 1382 2972 ex

264 3014 309 3079 eis
323 3016 529 3097 patrocinium
546 3014 695 3080 adhibens
709 3013 899 3095 uaniloqniis
913 3013 1038 3081 uestris.
1057 3013 1138 3077 inter
1152 3012 1255 3104 omnia
1266 3014 1381 3091 minen,
1398 3020 1425 3061 ²⁶

264 3139 342 3201 quae
359 3107 473 3204 partim
492 3121 576 3186 sicut
592 3140 665 3185 uere
684 3121 799 3204 scripta
818 3123 901 3199 sunt,
915 3121 1028 3203 partim
1046 3119 1137 3184 aliter
1155 3137 1247 3201 quam
1266 3118 1382 3201 scripta

264 3227 338 3289 sunt
368 3227 629 3305 commemorasti,
661 3246 814 3309 nusquam
843 3227 1004 3292 ostendere
1030 3225 1172 3309 potuisti,
1205 3223 1277 3306 quia
1303 3225 1380 3290 deus

263 3331 367 3415 regnis
391 3333 457 3398 suis
481 3331 629 3398 hostilem
647 3325 793 3397 'naturam
815 3332 1018 3397 inminentem
1040 3332 1188 3415 repellere
1206 3332 1326 3409 uolens,
1345 3333 1382 3394 ut

262 3436 376 3502 habeat
393 3439 679 3521 quietempartem
698 3457 798 3516 suam,
817 3455 895 3520 quae
913 3437 972 3503 hoc
991 3442 1040 3503 est
1057 3437 1140 3520 quod
1156 3437 1234 3520 ipse,
1252 3440 1380 3501 naturae

342 3639 365 3706 '5
383 3652 458 3707 com.
478 3654 502 3718 e,
522 3653 537 3705 r
593 3652 624 3706 ro
642 3653 671 3707 11
689 3651 748 3708 cor.
766 3655 792 3719 4,
810 3655 827 3707 4
881 3635 1037 3708 1311001.
1056 3654 1098 3718 12,
1117 3654 1132 3706 r
1151 3670 1209 3723 sqq.

298 3802 443 3858 lmitteni
457 3801 490 3856 h·
527 3801 729 3872 5dampnatR
748 3803 914 3858 damuauitb
1003 3806 1031 3857 et
1048 3803 1143 3873 paulus
1156 3802 1183 3858 R
1239 3803 1271 3856 10
1284 3803 1380 3872 paulus

262 3890 329 3944 dixit
345 3890 373 3946 R
419 3892 458 3945 ·ll
477 3890 594 3945 fidelium
611 3890 639 3946 R
710 3890 948 3962 contemplandub
1001 3891 1035 3944 12
1051 3906 1148 3962 ymago
1166 3891 1194 3946 R
1255 3891 1287 3945 13
1304 3907 1379 3945 meae

262 3995 312 4033 om.
339 3979 367 4034 R
437 3980 472 4034 14
499 3982 609 4050 sathane
635 3979 689 4035 PR
778 3979 925 4050 colaphizet
951 3979 995 4034 Rc
1066 3978 1145 4049 quod]
1175 3978 1259 4049 quod⁸
1272 3982 1314 4033 ter
1340 3978 1379 4034 Sl)

263 4067 294 4120 17
314 4066 385 4136 quod
406 4068 447 4122 Tb
518 4068 552 4124 18
570 4069 652 4138 hecb
725 4070 758 4122 19
775 4068 940 4139 pugnauitb
1012 4069 1081 4121 24a
1106 4068 1221 4121 ueritate
1238 4068 1318 4137 longe
1336 4068 1379 4121 Pb

262 4154 295 4207 to
314 4172 382 4224 quae
400 4157 486 4212 om.b
539 4157 573 4211 29
593 4157 745 4226 quictamb
