2940 4628
205 229 336 293 XLVIII
648 227 860 287 Praefatio.

204 421 318 485 tentias
340 421 518 486 interiectas
541 423 664 499 omisit;
688 426 762 487 sunt
782 442 857 488 uero
881 423 975 488 etiam
996 424 1060 489 loci
1077 423 1122 487 ita
1139 423 1319 505 comparati,

204 528 241 590 nt
256 526 330 608 quid
343 527 374 590 in
394 544 487 592 causa
504 527 599 591 fuerit
616 546 670 593 cur
687 529 839 609 quaedam
856 529 1069 593 interciderint
1085 549 1146 593 non
1164 530 1319 612 appareat.

204 633 283 697 illud
306 635 410 696 autem
432 653 486 716 pro
510 637 594 698 certo
617 634 762 699 affirmari
788 637 893 718 potest
924 636 1062 701 codicem
1085 634 1319 719 sangallensem

205 740 243 804 de
266 741 440 822 ιιιιιιιριιιι
472 744 527 805 aut
555 743 640 806 lectu
673 741 793 807 difficili
820 745 875 806 aut
902 745 1045 824 conupto
1078 742 1207 806 ductum
1230 759 1318 815 esse3

204 828 331 927 praebet
354 845 436 909 enim
458 847 557 912 multo
559 847 640 911 tiens
657 848 808 912 lectiones
827 851 996 930 corruptas,
1012 866 1093 929 quae
1109 847 1141 911 in
1160 846 1319 919 codicibus

203 950 414 1034 lugdunensi,
438 971 574 1033 quocum
595 954 734 1017 multis
725 973 757 1017 ιι
779 953 873 1018 rebus
897 953 1102 1037 conspirate
1086 953 1318 1019 etMonaceusi
1418 964 1422 968 ’

206 1057 305 1127 omnis
337 1059 529 1141 corruptelae
561 1059 748 1143 suspicionis
780 1063 919 1142 expertes
949 1061 1131 1126 referantur.
1164 1059 1319 1124 artissime

207 1182 277 1226 cum
302 1183 337 1228 eo
361 1164 506 1243 cohaeret
528 1166 616 1230 cuius
638 1166 700 1230 iam
723 1168 910 1232 mentionem
933 1187 1002 1232 sum
1024 1167 1163 1232 facturus

156 1252 184 1319 G
250 1268 351 1334 Codex
379 1266 586 1351 Soapolbasa's
612 1292 641 1338 n.
671 1271 733 1335 172
759 1273 1013 1338 membranaceus
1039 1273 1071 1336 in
1095 1272 1128 1333 2⁰
1151 1271 1269 1336 saeculi
1290 1271 1320 1334 X

204 1374 385 1458 paginarum
413 1374 486 1455 274
514 1397 594 1460 quae
621 1378 714 1442 sicntr
705 1379 830 1443 illius
862 1379 1025 1462 bipertitae
1057 1381 1139 1443 sunt.
1171 1378 1319 1442 uolumen

145 1508 146 1515 ι
204 1483 338 1564 primum
352 1484 563 1567 paginasl—
521 1485 638 1562 -170,
658 1485 829 1550 secundum
845 1485 974 1569 paginas
992 1485 1162 1550 170-274
1176 1484 1318 1565 occupat.

203 1588 335 1671 inscript
335 1589 365 1654 io
390 1592 422 1653 ιι
444 1589 609 1672 subscript
601 1609 631 1654 ro
659 1590 758 1655 codici
787 1592 847 1654 173
876 1591 1072 1656 conueniunt.
1101 1610 1171 1656 cum
1193 1590 1320 1672 propter

206 1695 347 1758 eximiam
369 1695 400 1758 in
423 1695 515 1759 rebus
537 1695 679 1768 menimis
703 1699 734 1761 et
755 1697 891 1761 minibus
913 1698 1049 1781 positam
1072 1695 1318 1771 similitudinem,

102 1843 104 1847 ·
206 1822 284 1885 quae
308 1803 381 1867 huic
404 1822 475 1867 oum
497 1802 552 1867 illo
576 1806 634 1881 est,
658 1803 730 1882 sint,
754 1804 808 1885 qui
832 1804 938 1869 dicant
960 1803 988 1869 G
1010 1803 1221 1888 apographum
1250 1818 1318 1865 esse

205 1907 321 1974 codicis
353 1906 383 1984 S,
415 1925 515 1991 pauca
546 1907 697 1990 quaedam
729 1907 767 1972 de
793 1909 957 1990 utriusque
994 1907 1176 1993 cognatione
1208 1905 1319 1970 addere

203 2013 292 2078 libet.
316 2016 408 2095 atque
430 2013 511 2078 illud
533 2015 675 2096 speciosa
697 2014 829 2096 quadam
860 2016 996 2097 priorum
1023 2014 1169 2079 foliorum
1193 2029 1319 2076 cousen-
1405 2027 1407 2029 ·

205 2120 291 2185 sione
323 2119 531 2184 commendari
562 2120 638 2185 licet
667 2139 757 2185 nemo
789 2120 905 2186 infitias
942 2123 1001 2199 eat,
1033 2123 1137 2207 tamen
1172 2118 1321 2194 uniuersa

204 2226 355 2290 iudicanti
385 2225 575 2290 reiciendum
611 2229 668 2293 est.
705 2225 976 2309 deprehenduntnr
1006 2224 1146 2290 enimin
1175 2221 1200 2285 S
1224 2221 1318 2285 multi

204 2332 266 2396 loci
290 2331 452 2408 eiusmodi,
475 2335 513 2394 ut
535 2319 758 2414 discrepantiae
776 2332 837 2396 nisi
856 2331 971 2414 dispari
990 2331 1155 2414 exemplari
1174 2327 1319 2412 explicari
1415 2337 1416 2340 ’

205 2439 369 2518 nequeant.
392 2436 424 2500 in
448 2436 555 2501 eodem
577 2436 661 2501 libro·
679 2456 741 2502 uno
759 2438 829 2502 loco
848 2437 925 2501 duas
943 2436 1006 2501 fere
1024 2437 1153 2521 paginas
1175 2434 1319 2498 librarius

205 2561 322 2607 uacuas
353 2543 489 2624 reliquit,
513 2554 639 2624 sperans
668 2545 745 2625 puto
777 2562 870 2624 posse
893 2561 927 2607 se
950 2561 985 2610 ex
1008 2542 1068 2607 alio
1101 2540 1208 2606 codice
1233 2540 1320 2604 lectu

205 2648 342 2712 faciliore
373 2648 469 2713 uerba
499 2649 652 2730 supplere.
684 2648 768 2734 quod
798 2649 925 2731 quidem
954 2649 1072 2714 factum
1100 2650 1158 2724 est,
1180 2647 1321 2728 tempore

206 2753 310 2817 ιιιιιιιι
332 2752 512 2836 posteriore.
535 2755 628 2833 atque
650 2741 761 2817 multisw
782 2753 851 2818 aliis
877 2754 957 2820 locis
979 2753 1057 2817 mihi
1078 2752 1204 2834 quidem
1226 2750 1321 2816 codex

208 2859 233 2924 S
254 2879 272 2924 a
297 2857 327 2922 G
348 2859 480 2942 pendere
502 2858 638 2926 uidetur.
661 2858 789 2940 uerique
808 2859 1005 2924 simillimum
1022 2861 1073 2924 est
1090 2859 1181 2923 ambo
1197 2855 1322 2926 codices

207 2986 243 3032 ex
274 2965 382 3031 eodem
413 2965 551 3048 exemplo
574 2965 627 3029 uel
650 2984 685 3029 er
707 2965 926 3031 consimilibus.
953 2966 1075 3031 duobus
1103 2965 1213 3030 ductos
1240 2981 1322 3029 esse.

206 3073 286 3136 illud
313 3073 431 3137 certum
458 3073 508 3135 est
534 3078 725 3135 correcturas
750 3070 783 3134 in
807 3066 925 3154 Spost
951 3069 1147 3137 codicemG
1170 3069 1323 3153 scriptum

207 3178 365 3243 factitatas
389 3195 468 3241 esse.
492 3176 547 3240 sed
569 3177 644 3239 utut
663 3193 713 3239 res
736 3194 770 3239 se
792 3175 896 3252 babet,
918 3170 999 3241 illud
1024 3175 1193 3241 tenendum
1220 3176 1269 3239 est
1289 3173 1322 3236 in

186 3272 389 3349 ¹uniuersum
416 3281 593 3346 aestimanti
619 3301 680 3346 non
706 3281 799 3346 unius
827 3282 882 3347 sed
909 3281 1041 3346 duorum
1068 3281 1212 3347 codicum
1233 3279 1321 3346 tasti-

206 3380 311 3456 monia
322 3391 479 3472 prostare.
502 3390 623 3471 praeter
644 3387 764 3452 scholia
784 3387 976 3471 marginalia,
999 3406 1078 3468 qnae
1100 3386 1132 3450 iu
1151 3384 1177 3449 S
1198 3404 1323 3467 quoque

206 3496 363 3579 leguntur,
386 3495 417 3558 in
439 3493 500 3559 hoc
523 3492 628 3559 codice
654 3493 755 3574 multo
722 3492 937 3561 ctrebriora
963 3492 1024 3556 alia
1045 3492 1241 3575 praebentur,
1265 3493 1323 3554 aut

207 3601 246 3666 ad
269 3603 431 3692 argument
431 3619 485 3662 um
505 3598 702 3685 indicandum
725 3597 897 3682 spectantia
914 3599 969 3662 aut
987 3598 1025 3663 ad
1043 3604 1229 3663 consensum
1248 3615 1319 3661 cum

206 3706 376 3791 Augustini
408 3681 661 3789 responsionibus
696 3704 931 3769 mirationamua
963 3702 1192 3787 exprimendam
1221 3701 1317 3785 perti·

209 3813 322 3879 nentia.

156 3923 183 3989 P
256 3917 358 3983 Codex
385 3909 696 3984 Paestanum
723 3916 976 3980 membranaceus
1004 3913 1103 3979 forma
1123 3930 1235 3997 magna
1257 3931 1324 3977 sae-

209 4024 280 4088 culo
303 4023 395 4087 VIIII
418 4025 558 4087 exaratus
580 4021 656 4088 folia
678 4023 740 4086 198
763 4021 866 4089 habet.
894 4023 1069 4087 accuratam
1097 4020 1164 4086 eius
1188 4018 1324 4101 descrip-

208 4127 326 4193 tionem
366 4127 500 4194 confeoit
533 4126 755 4192 Reifferscheid
790 4127 822 4190 in
855 4145 891 4192 ao
922 4127 1028 4205 libro,
1053 4125 1107 4209 qui
1141 4123 1328 4189 inscribitur
