<?xml version="1.0" encoding="UTF-8"?>
<!DOCTYPE html PUBLIC "-//W3C//DTD XHTML 1.0 Transitional//EN"
    "http://www.w3.org/TR/xhtml1/DTD/xhtml1-transitional.dtd">
<html xmlns="http://www.w3.org/1999/xhtml" xml:lang="en" lang="en">
 <head>
  <title>
</title>
<meta http-equiv="Content-Type" content="text/html;charset=utf-8" />
  <meta name='ocr-system' content='tesseract 3.04.00' />
  <meta name='ocr-capabilities' content='ocr_page ocr_carea ocr_par ocr_line ocrx_word'/>
</head>
<body>
  <div class='ocr_page' id='page_1' title='image "./sanctiavreliavg00zychgoog_0020.png"; bbox 0 0 2940 4628; ppageno 0'>
   <div class='ocr_carea' id='block_1_1' title="bbox 595 243 1268 313">
    <p class='ocr_par' dir='ltr' id='par_1_1' title="bbox 595 243 1268 313">
     <span class='ocr_line' id='line_1_1' title="bbox 595 243 1268 313; baseline -0.001 -16"><span class='ocrx_word' id='word_1_1' title='bbox 595 243 809 298; x_wconf 78' lang='lat' dir='ltr'>Praelatio.</span> <span class='ocrx_word' id='word_1_2' title='bbox 1177 249 1268 313; x_wconf 80' lang='lat' dir='ltr'>Vflfl</span> 
     </span>
    </p>
   </div>
   <div class='ocr_carea' id='block_1_2' title="bbox 143 439 1272 945">
    <p class='ocr_par' dir='ltr' id='par_1_2' title="bbox 143 439 1269 828">
     <span class='ocr_line' id='line_1_2' title="bbox 143 439 1269 522; baseline 0 -14"><span class='ocrx_word' id='word_1_3' title='bbox 143 444 298 508; x_wconf 89' lang='lat' dir='ltr'>iudicasse</span> <span class='ocrx_word' id='word_1_4' title='bbox 326 440 444 518; x_wconf 84' lang='lat' dir='ltr'>uidear,</span> <span class='ocrx_word' id='word_1_5' title='bbox 471 459 534 503; x_wconf 92' lang='lat' dir='ltr'>rem</span> <span class='ocrx_word' id='word_1_6' title='bbox 568 439 599 502; x_wconf 91' lang='lat' dir='ltr'>in</span> <span class='ocrx_word' id='word_1_7' title='bbox 631 439 734 504; x_wconf 91' lang='lat' dir='ltr'>medio</span> <span class='ocrx_word' id='word_1_8' title='bbox 762 441 996 522; x_wconf 82' lang='lat' dir='ltr'>relinquendam</span> <span class='ocrx_word' id='word_1_9' title='bbox 1029 462 1097 507; x_wconf 86' lang='lat' dir='ltr'>esse</span> <span class='ocrx_word' id='word_1_10' title='bbox 1131 442 1269 508; x_wconf 85' lang='lat' dir='ltr'><strong>arbitror.</strong></span> 
     </span>
     <span class='ocr_line' id='line_1_3' title="bbox 143 545 1272 631; baseline -0.003 -18"><span class='ocrx_word' id='word_1_11' title='bbox 143 569 243 631; x_wconf 90' lang='lat' dir='ltr'>neque</span> <span class='ocrx_word' id='word_1_12' title='bbox 274 547 355 611; x_wconf 88' lang='lat' dir='ltr'>illud</span> <span class='ocrx_word' id='word_1_13' title='bbox 387 566 448 611; x_wconf 94' lang='lat' dir='ltr'>non</span> <span class='ocrx_word' id='word_1_14' title='bbox 480 548 528 609; x_wconf 91' lang='lat' dir='ltr'>est</span> <span class='ocrx_word' id='word_1_15' title='bbox 515 545 867 609; x_wconf 88' lang='lat' dir='ltr'>tcommemorandum</span> <span class='ocrx_word' id='word_1_16' title='bbox 900 547 1120 629; x_wconf 88' lang='lat' dir='ltr'>aspirationem</span> <span class='ocrx_word' id='word_1_17' title='bbox 1151 552 1272 629; x_wconf 87' lang='lat' dir='ltr'>praeter</span> 
     </span>
     <span class='ocr_line' id='line_1_4' title="bbox 143 651 1269 737; baseline -0.002 -18"><span class='ocrx_word' id='word_1_18' title='bbox 143 676 234 720; x_wconf 89' lang='lat' dir='ltr'>usum</span> <span class='ocrx_word' id='word_1_19' title='bbox 255 655 419 737; x_wconf 85' lang='lat' dir='ltr'>uulgarem</span> <span class='ocrx_word' id='word_1_20' title='bbox 437 652 520 715; x_wconf 94' lang='lat' dir='ltr'>hunc</span> <span class='ocrx_word' id='word_1_21' title='bbox 544 651 682 716; x_wconf 81' lang='lat' dir='ltr'>codicem</span> <span class='ocrx_word' id='word_1_22' title='bbox 703 653 859 734; x_wconf 88' lang='lat' dir='ltr'>aspernari</span> <span class='ocrx_word' id='word_1_23' title='bbox 881 653 934 719; x_wconf 89' lang='lat' dir='ltr'>fol.</span> <span class='ocrx_word' id='word_1_24' title='bbox 960 652 1068 717; x_wconf 77' lang='lat' dir='ltr'>53¹&#39;ca</span> <span class='ocrx_word' id='word_1_25' title='bbox 1058 659 1108 717; x_wconf 88' lang='grc'>88</span> <span class='ocrx_word' id='word_1_26' title='bbox 1107 675 1153 728; x_wconf 88' lang='grc'>888</span> <span class='ocrx_word' id='word_1_27' title='bbox 1176 656 1269 731; x_wconf 75' lang='lat' dir='ltr'>abuit,</span> 
     </span>
     <span class='ocr_line' id='line_1_5' title="bbox 144 760 391 830; baseline -0.021 -3"><span class='ocrx_word' id='word_1_28' title='bbox 144 765 197 830; x_wconf 89' lang='lat' dir='ltr'>fol.</span> <span class='ocrx_word' id='word_1_29' title='bbox 223 760 306 826; x_wconf 62' lang='lat'>44³</span> <span class='ocrx_word' id='word_1_30' title='bbox 301 761 391 823; x_wconf 84' lang='grc'>8881.</span> 
     </span>
    </p>

    <p class='ocr_par' dir='ltr' id='par_1_3' title="bbox 185 863 1269 945">
     <span class='ocr_line' id='line_1_6' title="bbox 185 863 1269 945; baseline -0.003 -13"><span class='ocrx_word' id='word_1_31' title='bbox 185 870 252 933; x_wconf 90' lang='lat' dir='ltr'>Hos</span> <span class='ocrx_word' id='word_1_32' title='bbox 285 868 347 931; x_wconf 90' lang='lat' dir='ltr'>duo</span> <span class='ocrx_word' id='word_1_33' title='bbox 380 864 543 928; x_wconf 87' lang='lat' dir='ltr'>codices&#39;</span> <span class='ocrx_word' id='word_1_34' title='bbox 535 883 603 945; x_wconf 89' lang='lat' dir='ltr'>rpse</span> <span class='ocrx_word' id='word_1_35' title='bbox 635 863 765 928; x_wconf 87' lang='lat' dir='ltr'>Parisiis</span> <span class='ocrx_word' id='word_1_36' title='bbox 798 883 877 928; x_wconf 89' lang='lat' dir='ltr'>anno</span> <span class='ocrx_word' id='word_1_37' title='bbox 913 867 997 928; x_wconf 84' lang='lat'>1888</span> <span class='ocrx_word' id='word_1_38' title='bbox 1031 866 1069 929; x_wconf 88' lang='lat' dir='ltr'>ad</span> <span class='ocrx_word' id='word_1_39' title='bbox 1103 866 1269 930; x_wconf 79' lang='lat' dir='ltr'>editionem</span> 
     </span>
    </p>
   </div>
   <div class='ocr_carea' id='block_1_3' title="bbox 97 970 1320 1694">
    <p class='ocr_par' dir='ltr' id='par_1_4' title="bbox 97 970 485 1060">
     <span class='ocr_line' id='line_1_7' title="bbox 97 970 485 1060; baseline -0.021 -20"><span class='ocrx_word' id='word_1_40' title='bbox 97 981 99 986; x_wconf 85' lang='lat'>&#39;</span> <span class='ocrx_word' id='word_1_41' title='bbox 142 975 333 1060; x_wconf 86' lang='lat' dir='ltr'>Mignianam</span> <span class='ocrx_word' id='word_1_42' title='bbox 357 970 485 1035; x_wconf 88' lang='lat' dir='ltr'>contuli.</span> 
     </span>
    </p>

    <p class='ocr_par' dir='ltr' id='par_1_5' title="bbox 137 1076 1320 1694">
     <span class='ocr_line' id='line_1_8' title="bbox 188 1076 1320 1164; baseline -0.004 -18"><span class='ocrx_word' id='word_1_43' title='bbox 188 1081 289 1146; x_wconf 81' lang='lat' dir='ltr'>Codex</span> <span class='ocrx_word' id='word_1_44' title='bbox 321 1077 558 1142; x_wconf 77' lang='lat' dir='ltr'>Monacensis</span> <span class='ocrx_word' id='word_1_45' title='bbox 590 1097 719 1141; x_wconf 90' lang='lat' dir='ltr'>numero</span> <span class='ocrx_word' id='word_1_46' title='bbox 749 1079 811 1141; x_wconf 88' lang='grc'>249</span> <span class='ocrx_word' id='word_1_47' title='bbox 837 1076 959 1163; x_wconf 84' lang='grc'>(22220</span> <span class='ocrx_word' id='word_1_48' title='bbox 992 1079 1177 1164; x_wconf 81' lang='lat' dir='ltr'>(Windberg</span> <span class='ocrx_word' id='word_1_49' title='bbox 1213 1078 1320 1164; x_wconf 91' lang='grc' dir='ltr'>20)Μ</span> 
     </span>
     <span class='ocr_line' id='line_1_9' title="bbox 140 1184 1268 1269; baseline -0.001 -18"><span class='ocrx_word' id='word_1_50' title='bbox 140 1191 172 1251; x_wconf 93' lang='lat' dir='ltr'>in</span> <span class='ocrx_word' id='word_1_51' title='bbox 205 1188 272 1250; x_wconf 89' lang='lat' dir='ltr'>eius</span> <span class='ocrx_word' id='word_1_52' title='bbox 304 1185 512 1249; x_wconf 78' lang='lat' dir='ltr'>bibliothecae</span> <span class='ocrx_word' id='word_1_53' title='bbox 545 1184 575 1246; x_wconf 92' lang='lat' dir='ltr'>in</span> <span class='ocrx_word' id='word_1_54' title='bbox 609 1202 671 1264; x_wconf 90' lang='lat' dir='ltr'>qua</span> <span class='ocrx_word' id='word_1_55' title='bbox 702 1187 881 1247; x_wconf 88' lang='lat' dir='ltr'>asseruatur</span> <span class='ocrx_word' id='word_1_56' title='bbox 922 1186 1063 1269; x_wconf 80' lang='lat' dir='ltr'>catalogo</span> <span class='ocrx_word' id='word_1_57' title='bbox 1100 1185 1268 1269; x_wconf 82' lang='lat' dir='ltr'>insignitus</span> 
     </span>
     <span class='ocr_line' id='line_1_10' title="bbox 141 1290 1268 1373; baseline -0.002 -16"><span class='ocrx_word' id='word_1_58' title='bbox 141 1296 395 1359; x_wconf 89' lang='lat' dir='ltr'>membranaceus</span> <span class='ocrx_word' id='word_1_59' title='bbox 423 1290 643 1354; x_wconf 81' lang='lat' dir='ltr'>miscellaneae</span> <span class='ocrx_word' id='word_1_60' title='bbox 671 1291 797 1354; x_wconf 89' lang='lat' dir='ltr'>saeculo</span> <span class='ocrx_word' id='word_1_61' title='bbox 825 1292 885 1353; x_wconf 89' lang='lat' dir='ltr'>XII</span> <span class='ocrx_word' id='word_1_62' title='bbox 918 1292 1091 1373; x_wconf 89' lang='lat' dir='ltr'>descriptus</span> <span class='ocrx_word' id='word_1_63' title='bbox 1123 1292 1176 1359; x_wconf 84' lang='lat' dir='ltr'>fol.</span> <span class='ocrx_word' id='word_1_64' title='bbox 1206 1294 1268 1356; x_wconf 83' lang='lat'>196</span> 
     </span>
     <span class='ocr_line' id='line_1_11' title="bbox 140 1396 1268 1479; baseline 0.001 -18"><span class='ocrx_word' id='word_1_65' title='bbox 140 1399 300 1463; x_wconf 80' lang='lat' dir='ltr'>fasciculis</span> <span class='ocrx_word' id='word_1_66' title='bbox 324 1400 366 1461; x_wconf 82' lang='grc'>24</span> <span class='ocrx_word' id='word_1_67' title='bbox 390 1398 523 1462; x_wconf 91' lang='lat' dir='ltr'>constat.</span> <span class='ocrx_word' id='word_1_68' title='bbox 548 1396 767 1479; x_wconf 81' lang='lat' dir='ltr'>quaterniones</span> <span class='ocrx_word' id='word_1_69' title='bbox 791 1399 928 1461; x_wconf 90' lang='lat' dir='ltr'>numeris</span> <span class='ocrx_word' id='word_1_70' title='bbox 956 1399 987 1460; x_wconf 93' lang='lat' dir='ltr'>in</span> <span class='ocrx_word' id='word_1_71' title='bbox 1012 1400 1096 1462; x_wconf 88' lang='lat' dir='ltr'>calce</span> <span class='ocrx_word' id='word_1_72' title='bbox 1123 1399 1268 1462; x_wconf 88' lang='lat' dir='ltr'>foliorum</span> 
     </span>
     <span class='ocr_line' id='line_1_12' title="bbox 137 1502 1268 1588; baseline 0.001 -21"><span class='ocrx_word' id='word_1_73' title='bbox 137 1505 293 1588; x_wconf 89' lang='lat' dir='ltr'>appositis</span> <span class='ocrx_word' id='word_1_74' title='bbox 313 1505 529 1576; x_wconf 84' lang='lat' dir='ltr'>nume1·antur;</span> <span class='ocrx_word' id='word_1_75' title='bbox 550 1502 680 1584; x_wconf 78' lang='lat' dir='ltr'>paginae</span> <span class='ocrx_word' id='word_1_76' title='bbox 698 1502 863 1584; x_wconf 86' lang='lat' dir='ltr'>bipertitae</span> <span class='ocrx_word' id='word_1_77' title='bbox 883 1504 1030 1568; x_wconf 87' lang='lat' dir='ltr'>uersibus.</span> <span class='ocrx_word' id='word_1_78' title='bbox 1041 1505 1168 1568; x_wconf 90' lang='lat' dir='ltr'>tricenis</span> <span class='ocrx_word' id='word_1_79' title='bbox 1186 1504 1268 1568; x_wconf 90' lang='lat' dir='ltr'>binis</span> 
     </span>
     <span class='ocr_line' id='line_1_13' title="bbox 142 1605 1269 1694; baseline -0.002 -20"><span class='ocrx_word' id='word_1_80' title='bbox 142 1612 320 1694; x_wconf 88' lang='lat' dir='ltr'>implentur.</span> <span class='ocrx_word' id='word_1_81' title='bbox 345 1613 504 1674; x_wconf 85' lang='lat' dir='ltr'>auctorem</span> <span class='ocrx_word' id='word_1_82' title='bbox 527 1608 664 1689; x_wconf 88' lang='lat' dir='ltr'>prtodun</span> <span class='ocrx_word' id='word_1_83' title='bbox 687 1627 765 1689; x_wconf 90' lang='lat' dir='ltr'>quae</span> <span class='ocrx_word' id='word_1_84' title='bbox 788 1608 842 1671; x_wconf 85' lang='lat' dir='ltr'>fol.</span> <span class='ocrx_word' id='word_1_85' title='bbox 869 1610 885 1672; x_wconf 89' lang='lat'>1</span> <span class='ocrx_word' id='word_1_86' title='bbox 912 1612 987 1674; x_wconf 91' lang='lat' dir='ltr'>sunt</span> <span class='ocrx_word' id='word_1_87' title='bbox 1014 1605 1180 1675; x_wconf 82' lang='lat' dir='ltr'>odnotata:</span> <span class='ocrx_word' id='word_1_88' title='bbox 1207 1608 1269 1673; x_wconf 86' lang='grc'>1888</span> 
     </span>
    </p>
   </div>
   <div class='ocr_carea' id='block_1_4' title="bbox 139 1713 1269 2327">
    <p class='ocr_par' dir='ltr' id='par_1_6' title="bbox 139 1713 1269 2010">
     <span class='ocr_line' id='line_1_14' title="bbox 140 1713 1269 1796; baseline -0.001 -18"><span class='ocrx_word' id='word_1_89' title='bbox 140 1717 365 1796; x_wconf 83' lang='grc'>18888888888888</span> <span class='ocrx_word' id='word_1_90' title='bbox 391 1714 434 1777; x_wconf 88' lang='lat' dir='ltr'>ad</span> <span class='ocrx_word' id='word_1_91' title='bbox 459 1735 542 1777; x_wconf 88' lang='grc'>88888</span> <span class='ocrx_word' id='word_1_92' title='bbox 569 1715 703 1776; x_wconf 88' lang='grc'>88888888</span> <span class='ocrx_word' id='word_1_93' title='bbox 729 1714 764 1776; x_wconf 86' lang='grc'>888</span> <span class='ocrx_word' id='word_1_94' title='bbox 791 1713 955 1795; x_wconf 66' lang='grc'>8118880888</span> <span class='ocrx_word' id='word_1_95' title='bbox 978 1737 1064 1794; x_wconf 88' lang='grc'>888888</span> <span class='ocrx_word' id='word_1_96' title='bbox 1085 1717 1156 1795; x_wconf 79' lang='lat' dir='ltr'>fecit</span> <span class='ocrx_word' id='word_1_97' title='bbox 1177 1736 1236 1778; x_wconf 90' lang='grc'>8888</span> <span class='ocrx_word' id='word_1_98' title='bbox 1227 1714 1269 1777; x_wconf 80' lang='lat' dir='ltr'>bii</span> 
     </span>
     <span class='ocr_line' id='line_1_15' title="bbox 139 1802 1269 1904; baseline -0.002 -18"><span class='ocrx_word' id='word_1_99' title='bbox 139 1802 207 1887; x_wconf 77' lang='lat' dir='ltr'>sads</span> <span class='ocrx_word' id='word_1_100' title='bbox 226 1804 332 1887; x_wconf 67' lang='lat' dir='ltr'>eiusde</span> <span class='ocrx_word' id='word_1_101' title='bbox 352 1821 430 1902; x_wconf 77' lang='lat' dir='ltr'>ceole</span> <span class='ocrx_word' id='word_1_102' title='bbox 452 1819 686 1883; x_wconf 78' lang='grc'>8888888888</span> <span class='ocrx_word' id='word_1_103' title='bbox 658 1823 686 1882; x_wconf 87' lang='grc'>88</span> <span class='ocrx_word' id='word_1_104' title='bbox 703 1819 796 1900; x_wconf 79' lang='grc'>888888</span> <span class='ocrx_word' id='word_1_105' title='bbox 814 1822 957 1904; x_wconf 81' lang='grc'>8888888888</span> <span class='ocrx_word' id='word_1_106' title='bbox 976 1821 1068 1885; x_wconf 79' lang='lat' dir='ltr'>obbas</span> <span class='ocrx_word' id='word_1_107' title='bbox 1090 1820 1269 1884; x_wconf 68' lang='lat' dir='ltr'>(lethardus</span> 
     </span>
     <span class='ocr_line' id='line_1_16' title="bbox 139 1924 1267 2010; baseline 0.002 -20"><span class='ocrx_word' id='word_1_108' title='bbox 139 1949 194 2000; x_wconf 84' lang='lat' dir='ltr'>pro</span> <span class='ocrx_word' id='word_1_109' title='bbox 221 1929 319 1992; x_wconf 85' lang='grc'>8188888</span> <span class='ocrx_word' id='word_1_110' title='bbox 319 1949 341 1990; x_wconf 89' lang='grc'>8</span> <span class='ocrx_word' id='word_1_111' title='bbox 364 1940 422 2010; x_wconf 75' lang='grc'>888</span> <span class='ocrx_word' id='word_1_112' title='bbox 449 1927 482 1989; x_wconf 79' lang='lat' dir='ltr'>di</span> <span class='ocrx_word' id='word_1_113' title='bbox 509 1930 537 1988; x_wconf 90' lang='grc'>88</span> <span class='ocrx_word' id='word_1_114' title='bbox 563 1924 649 2006; x_wconf 81' lang='grc'>188888</span> <span class='ocrx_word' id='word_1_115' title='bbox 676 1925 777 2006; x_wconf 87' lang='grc'>888888</span> <span class='ocrx_word' id='word_1_116' title='bbox 805 1928 831 1987; x_wconf 87' lang='grc'>88</span> <span class='ocrx_word' id='word_1_117' title='bbox 859 1927 1267 2003; x_wconf 87' lang='grc'>8888888818888888888888.</span> 
     </span>
    </p>

    <p class='ocr_par' dir='ltr' id='par_1_7' title="bbox 139 2031 1267 2327">
     <span class='ocr_line' id='line_1_17' title="bbox 141 2031 1267 2114; baseline -0.001 -17"><span class='ocrx_word' id='word_1_118' title='bbox 141 2033 177 2098; x_wconf 82' lang='lat' dir='ltr'>Si</span> <span class='ocrx_word' id='word_1_119' title='bbox 203 2036 271 2114; x_wconf 85' lang='grc'>8888</span> <span class='ocrx_word' id='word_1_120' title='bbox 298 2054 366 2097; x_wconf 89' lang='grc'>88888</span> <span class='ocrx_word' id='word_1_121' title='bbox 393 2031 549 2113; x_wconf 79' lang='grc'>88888888</span> <span class='ocrx_word' id='word_1_122' title='bbox 579 2033 656 2114; x_wconf 71' lang='lat' dir='ltr'>eccle</span> <span class='ocrx_word' id='word_1_123' title='bbox 682 2031 752 2094; x_wconf 84' lang='grc'>18888</span> <span class='ocrx_word' id='word_1_124' title='bbox 778 2031 999 2095; x_wconf 80' lang='grc'>8881888888888</span> <span class='ocrx_word' id='word_1_125' title='bbox 987 2033 1187 2096; x_wconf 72' lang='lat' dir='ltr'>lunatio-omo</span> <span class='ocrx_word' id='word_1_126' title='bbox 1216 2035 1267 2101; x_wconf 87' lang='grc'>888</span> 
     </span>
     <span class='ocr_line' id='line_1_18' title="bbox 140 2131 1268 2224; baseline -0.002 -19"><span class='ocrx_word' id='word_1_127' title='bbox 140 2143 206 2206; x_wconf 88' lang='lat' dir='ltr'>eius</span> <span class='ocrx_word' id='word_1_128' title='bbox 237 2140 353 2222; x_wconf 88' lang='lat' dir='ltr'>inscrip</span> <span class='ocrx_word' id='word_1_129' title='bbox 355 2139 480 2205; x_wconf 84' lang='grc'>8188881.</span> <span class='ocrx_word' id='word_1_130' title='bbox 512 2131 550 2224; x_wconf 81' lang='grc'>71</span> <span class='ocrx_word' id='word_1_131' title='bbox 580 2139 715 2222; x_wconf 78' lang='lat' dir='ltr'>legitur:</span> <span class='ocrx_word' id='word_1_132' title='bbox 743 2136 859 2216; x_wconf 77' lang='lat' dir='ltr'>Incipit</span> <span class='ocrx_word' id='word_1_133' title='bbox 882 2134 1268 2222; x_wconf 71' lang='grc'>88888888888818888888888</span> 
     </span>
     <span class='ocr_line' id='line_1_19' title="bbox 139 2227 1267 2327; baseline -0.001 -18"><span class='ocrx_word' id='word_1_134' title='bbox 139 2227 188 2327; x_wconf 65' lang='grc'>8888</span> <span class='ocrx_word' id='word_1_135' title='bbox 210 2247 246 2310; x_wconf 84' lang='lat' dir='ltr'>dc</span> <span class='ocrx_word' id='word_1_136' title='bbox 267 2246 397 2323; x_wconf 85' lang='grc'>8888888888</span> <span class='ocrx_word' id='word_1_137' title='bbox 416 2232 576 2320; x_wconf 64' lang='grc'>8888888818·</span> <span class='ocrx_word' id='word_1_138' title='bbox 601 2243 709 2307; x_wconf 87' lang='lat' dir='ltr'>eodem</span> <span class='ocrx_word' id='word_1_139' title='bbox 729 2243 821 2308; x_wconf 91' lang='lat' dir='ltr'>modo</span> <span class='ocrx_word' id='word_1_140' title='bbox 841 2244 1053 2326; x_wconf 88' lang='lat' dir='ltr'>subscriptum</span> <span class='ocrx_word' id='word_1_141' title='bbox 1072 2251 1121 2309; x_wconf 92' lang='lat' dir='ltr'>est</span> <span class='ocrx_word' id='word_1_142' title='bbox 1137 2247 1191 2312; x_wconf 85' lang='lat' dir='ltr'>fol.</span> <span class='ocrx_word' id='word_1_143' title='bbox 1212 2247 1267 2310; x_wconf 64' lang='lat' dir='ltr'>dib</span> 
     </span>
    </p>
   </div>
   <div class='ocr_carea' id='block_1_5' title="bbox 136 2348 1332 4237">
    <p class='ocr_par' dir='ltr' id='par_1_8' title="bbox 137 2348 1267 2859">
     <span class='ocr_line' id='line_1_20' title="bbox 139 2348 1267 2435; baseline 0.002 -20"><span class='ocrx_word' id='word_1_144' title='bbox 139 2353 275 2433; x_wconf 73' lang='lat' dir='ltr'>Explicit</span> <span class='ocrx_word' id='word_1_145' title='bbox 297 2352 371 2415; x_wconf 86' lang='grc'>881888</span> <span class='ocrx_word' id='word_1_146' title='bbox 393 2351 430 2414; x_wconf 87' lang='lat' dir='ltr'>dc</span> <span class='ocrx_word' id='word_1_147' title='bbox 452 2350 582 2412; x_wconf 88' lang='grc'>888188888</span> <span class='ocrx_word' id='word_1_148' title='bbox 604 2348 753 2412; x_wconf 80' lang='lat' dir='ltr'>credendi.</span> <span class='ocrx_word' id='word_1_149' title='bbox 777 2369 850 2430; x_wconf 92' lang='lat' dir='ltr'>prae</span> <span class='ocrx_word' id='word_1_150' title='bbox 872 2349 936 2414; x_wconf 91' lang='lat' dir='ltr'>illis</span> <span class='ocrx_word' id='word_1_151' title='bbox 959 2350 1058 2429; x_wconf 85' lang='lat' dir='ltr'>libris,</span> <span class='ocrx_word' id='word_1_152' title='bbox 1078 2371 1155 2433; x_wconf 90' lang='lat' dir='ltr'>quos</span> <span class='ocrx_word' id='word_1_153' title='bbox 1175 2373 1267 2435; x_wconf 90' lang='lat' dir='ltr'>supra</span> 
     </span>
     <span class='ocr_line' id='line_1_21' title="bbox 139 2455 1267 2542; baseline -0.001 -18"><span class='ocrx_word' id='word_1_154' title='bbox 139 2460 259 2542; x_wconf 85' lang='lat' dir='ltr'>scripsi,</span> <span class='ocrx_word' id='word_1_155' title='bbox 289 2461 320 2522; x_wconf 91' lang='lat' dir='ltr'>et</span> <span class='ocrx_word' id='word_1_156' title='bbox 346 2459 397 2521; x_wconf 93' lang='lat' dir='ltr'>hic</span> <span class='ocrx_word' id='word_1_157' title='bbox 425 2456 520 2521; x_wconf 92' lang='lat' dir='ltr'>codex</span> <span class='ocrx_word' id='word_1_158' title='bbox 549 2455 628 2520; x_wconf 93' lang='lat' dir='ltr'>etei</span> <span class='ocrx_word' id='word_1_159' title='bbox 655 2474 786 2536; x_wconf 90' lang='lat' dir='ltr'>quorum</span> <span class='ocrx_word' id='word_1_160' title='bbox 813 2456 1003 2521; x_wconf 89' lang='lat' dir='ltr'>mentionem</span> <span class='ocrx_word' id='word_1_161' title='bbox 1026 2476 1096 2520; x_wconf 88' lang='lat' dir='ltr'>sum</span> <span class='ocrx_word' id='word_1_162' title='bbox 1128 2458 1267 2524; x_wconf 88' lang='lat' dir='ltr'>facturus</span> 
     </span>
     <span class='ocr_line' id='line_1_22' title="bbox 137 2560 1266 2644; baseline 0.002 -16"><span class='ocrx_word' id='word_1_163' title='bbox 137 2560 257 2629; x_wconf 62' lang='lat' dir='ltr'>&#39;nullius</span> <span class='ocrx_word' id='word_1_164' title='bbox 290 2567 340 2628; x_wconf 94' lang='lat' dir='ltr'>est</span> <span class='ocrx_word' id='word_1_165' title='bbox 370 2564 434 2628; x_wconf 86' lang='lat' dir='ltr'>fere</span> <span class='ocrx_word' id='word_1_166' title='bbox 467 2563 672 2640; x_wconf 85' lang='lat' dir='ltr'>auctoritatis,</span> <span class='ocrx_word' id='word_1_167' title='bbox 706 2565 742 2625; x_wconf 91' lang='lat' dir='ltr'>ut</span> <span class='ocrx_word' id='word_1_168' title='bbox 772 2582 870 2644; x_wconf 87' lang='lat' dir='ltr'>paene</span> <span class='ocrx_word' id='word_1_169' title='bbox 893 2583 1010 2642; x_wconf 85' lang='lat' dir='ltr'>uerear,</span> <span class='ocrx_word' id='word_1_170' title='bbox 1034 2584 1072 2628; x_wconf 90' lang='lat' dir='ltr'>ne</span> <span class='ocrx_word' id='word_1_171' title='bbox 1109 2567 1266 2632; x_wconf 92' lang='lat' dir='ltr'>nonnullis</span> 
     </span>
     <span class='ocr_line' id='line_1_23' title="bbox 139 2660 1266 2755; baseline 0.001 -19"><span class='ocrx_word' id='word_1_172' title='bbox 139 2673 362 2755; x_wconf 82' lang='lat' dir='ltr'>displicuerim,</span> <span class='ocrx_word' id='word_1_173' title='bbox 392 2671 475 2753; x_wconf 90' lang='lat' dir='ltr'>quod</span> <span class='ocrx_word' id='word_1_174' title='bbox 501 2671 685 2734; x_wconf 89' lang='lat' dir='ltr'>uarietatem</span> <span class='ocrx_word' id='word_1_175' title='bbox 714 2660 956 2752; x_wconf 87' lang='lat' dir='ltr'>discrepantium</span> <span class='ocrx_word' id='word_1_176' title='bbox 985 2671 1208 2753; x_wconf 89' lang='lat' dir='ltr'>scripturarum</span> <span class='ocrx_word' id='word_1_177' title='bbox 1235 2673 1266 2737; x_wconf 93' lang='lat' dir='ltr'>in</span> 
     </span>
     <span class='ocr_line' id='line_1_24' title="bbox 140 2776 935 2859; baseline 0 -19"><span class='ocrx_word' id='word_1_178' title='bbox 140 2778 371 2843; x_wconf 85' lang='lat' dir='ltr'>adnotationem</span> <span class='ocrx_word' id='word_1_179' title='bbox 395 2777 535 2841; x_wconf 90' lang='lat' dir='ltr'>criticam</span> <span class='ocrx_word' id='word_1_180' title='bbox 557 2776 660 2859; x_wconf 90' lang='lat' dir='ltr'>recepi</span> <span class='ocrx_word' id='word_1_181' title='bbox 682 2794 779 2857; x_wconf 87' lang='lat' dir='ltr'>paene</span> <span class='ocrx_word' id='word_1_182' title='bbox 802 2777 935 2858; x_wconf 91' lang='lat' dir='ltr'>plenam.</span> 
     </span>
    </p>

    <p class='ocr_par' dir='ltr' id='par_1_9' title="bbox 136 2879 1332 3812">
     <span class='ocr_line' id='line_1_25' title="bbox 184 2879 1318 2970; baseline -0.002 -22"><span class='ocrx_word' id='word_1_183' title='bbox 184 2883 285 2948; x_wconf 82' lang='lat' dir='ltr'>Codex</span> <span class='ocrx_word' id='word_1_184' title='bbox 307 2883 541 2947; x_wconf 88' lang='lat' dir='ltr'>Monacensis</span> <span class='ocrx_word' id='word_1_185' title='bbox 565 2903 594 2946; x_wconf 93' lang='lat' dir='ltr'>n.</span> <span class='ocrx_word' id='word_1_186' title='bbox 615 2883 678 2945; x_wconf 88' lang='grc'>806</span> <span class='ocrx_word' id='word_1_187' title='bbox 698 2879 819 2964; x_wconf 83' lang='grc'>(23605</span> <span class='ocrx_word' id='word_1_188' title='bbox 841 2882 899 2965; x_wconf 85' lang='grc' dir='ltr'>(ΖΖ</span> <span class='ocrx_word' id='word_1_189' title='bbox 924 2884 986 2946; x_wconf 86' lang='grc'>605</span> <span class='ocrx_word' id='word_1_190' title='bbox 1012 2903 1047 2946; x_wconf 91' lang='lat' dir='ltr'>ex</span> <span class='ocrx_word' id='word_1_191' title='bbox 1069 2883 1262 2970; x_wconf 87' lang='lat' dir='ltr'>Ranzhofen.)</span> <span class='ocrx_word' id='word_1_192' title='bbox 1286 2903 1318 2946; x_wconf 88' lang='lat' dir='ltr'>m</span> 
     </span>
     <span class='ocr_line' id='line_1_26' title="bbox 139 2987 1265 3070; baseline 0.001 -17"><span class='ocrx_word' id='word_1_193' title='bbox 139 2990 266 3053; x_wconf 90' lang='lat' dir='ltr'>membr.</span> <span class='ocrx_word' id='word_1_194' title='bbox 300 2988 430 3052; x_wconf 88' lang='lat' dir='ltr'>miscell.</span> <span class='ocrx_word' id='word_1_195' title='bbox 465 2988 639 3063; x_wconf 85' lang='grc' dir='ltr'>8888.Χ11,</span> <span class='ocrx_word' id='word_1_196' title='bbox 664 2987 754 3051; x_wconf 92' lang='lat' dir='ltr'>cuius</span> <span class='ocrx_word' id='word_1_197' title='bbox 788 2988 956 3070; x_wconf 87' lang='lat' dir='ltr'>descriptio</span> <span class='ocrx_word' id='word_1_198' title='bbox 990 2989 1131 3053; x_wconf 87' lang='lat' dir='ltr'>confecta</span> <span class='ocrx_word' id='word_1_199' title='bbox 1163 2992 1265 3056; x_wconf 88' lang='lat' dir='ltr'>estin</span> 
     </span>
     <span class='ocr_line' id='line_1_27' title="bbox 140 3093 1265 3178; baseline 0.003 -20"><span class='ocrx_word' id='word_1_200' title='bbox 140 3096 206 3159; x_wconf 88' lang='lat' dir='ltr'>eius</span> <span class='ocrx_word' id='word_1_201' title='bbox 230 3095 439 3159; x_wconf 90' lang='lat' dir='ltr'>bibliothecae</span> <span class='ocrx_word' id='word_1_202' title='bbox 463 3095 606 3178; x_wconf 87' lang='lat' dir='ltr'>catalogo</span> <span class='ocrx_word' id='word_1_203' title='bbox 630 3093 693 3157; x_wconf 92' lang='lat' dir='ltr'>uol.</span> <span class='ocrx_word' id='word_1_204' title='bbox 717 3093 763 3156; x_wconf 89' lang='lat' dir='ltr'>IV</span> <span class='ocrx_word' id='word_1_205' title='bbox 785 3114 815 3175; x_wconf 93' lang='lat' dir='ltr'>p.</span> <span class='ocrx_word' id='word_1_206' title='bbox 837 3095 888 3158; x_wconf 90' lang='grc'>80.</span> <span class='ocrx_word' id='word_1_207' title='bbox 907 3094 986 3158; x_wconf 93' lang='lat' dir='ltr'>liber</span> <span class='ocrx_word' id='word_1_208' title='bbox 1004 3095 1041 3158; x_wconf 90' lang='lat' dir='ltr'>ab</span> <span class='ocrx_word' id='word_1_209' title='bbox 1061 3114 1122 3159; x_wconf 90' lang='lat' dir='ltr'>uno</span> <span class='ocrx_word' id='word_1_210' title='bbox 1141 3096 1265 3161; x_wconf 90' lang='lat' dir='ltr'>librario</span> 
     </span>
     <span class='ocr_line' id='line_1_28' title="bbox 139 3201 1332 3282; baseline 0.002 -17"><span class='ocrx_word' id='word_1_211' title='bbox 139 3202 281 3266; x_wconf 86' lang='lat' dir='ltr'>edolatas</span> <span class='ocrx_word' id='word_1_212' title='bbox 305 3219 399 3264; x_wconf 90' lang='lat' dir='ltr'>unam</span> <span class='ocrx_word' id='word_1_213' title='bbox 423 3203 631 3265; x_wconf 88' lang='lat' dir='ltr'>correcturam</span> <span class='ocrx_word' id='word_1_214' title='bbox 654 3219 821 3281; x_wconf 90' lang='lat' dir='ltr'>perpessus</span> <span class='ocrx_word' id='word_1_215' title='bbox 846 3201 954 3265; x_wconf 90' lang='lat' dir='ltr'>estis</span> <span class='ocrx_word' id='word_1_216' title='bbox 979 3202 1032 3282; x_wconf 91' lang='lat' dir='ltr'>qui</span> <span class='ocrx_word' id='word_1_217' title='bbox 1055 3201 1114 3266; x_wconf 93' lang='lat' dir='ltr'>hoc</span> <span class='ocrx_word' id='word_1_218' title='bbox 1138 3222 1265 3267; x_wconf 91' lang='lat' dir='ltr'>munere</span> <span class='ocrx_word' id='word_1_219' title='bbox 1331 3232 1332 3236; x_wconf 41' lang='lat'>¹</span> 
     </span>
     <span class='ocr_line' id='line_1_29' title="bbox 136 3306 1266 3390; baseline 0.002 -20"><span class='ocrx_word' id='word_1_220' title='bbox 136 3307 327 3390; x_wconf 88' lang='lat' dir='ltr'>fungebatur</span> <span class='ocrx_word' id='word_1_221' title='bbox 349 3306 438 3389; x_wconf 82' lang='lat' dir='ltr'>signa</span> <span class='ocrx_word' id='word_1_222' title='bbox 460 3306 563 3387; x_wconf 89' lang='lat' dir='ltr'>quaha</span> <span class='ocrx_word' id='word_1_223' title='bbox 586 3308 661 3370; x_wconf 91' lang='lat' dir='ltr'>sunt</span> <span class='ocrx_word' id='word_1_224' title='bbox 678 3306 753 3384; x_wconf 79' lang='lat' dir='ltr'>R‚N</span> <span class='ocrx_word' id='word_1_225' title='bbox 770 3306 801 3368; x_wconf 93' lang='lat' dir='ltr'>in</span> <span class='ocrx_word' id='word_1_226' title='bbox 825 3307 964 3389; x_wconf 82' lang='lat' dir='ltr'>margine</span> <span class='ocrx_word' id='word_1_227' title='bbox 983 3306 1137 3388; x_wconf 80' lang='lat' dir='ltr'>apposuit,</span> <span class='ocrx_word' id='word_1_228' title='bbox 1156 3310 1194 3371; x_wconf 93' lang='lat' dir='ltr'>ut</span> <span class='ocrx_word' id='word_1_229' title='bbox 1212 3312 1266 3372; x_wconf 89' lang='lat' dir='ltr'>aut</span> 
     </span>
     <span class='ocr_line' id='line_1_30' title="bbox 139 3412 1264 3494; baseline 0.003 -18"><span class='ocrx_word' id='word_1_230' title='bbox 139 3413 310 3494; x_wconf 84' lang='lat' dir='ltr'>scripturae</span> <span class='ocrx_word' id='word_1_231' title='bbox 348 3412 586 3493; x_wconf 88' lang='lat' dir='ltr'>discrepantiam</span> <span class='ocrx_word' id='word_1_232' title='bbox 623 3415 746 3477; x_wconf 90' lang='lat' dir='ltr'>notaret</span> <span class='ocrx_word' id='word_1_233' title='bbox 782 3414 837 3475; x_wconf 89' lang='lat' dir='ltr'>aut</span> <span class='ocrx_word' id='word_1_234' title='bbox 873 3431 906 3476; x_wconf 93' lang='lat' dir='ltr'>se</span> <span class='ocrx_word' id='word_1_235' title='bbox 943 3412 1082 3477; x_wconf 89' lang='lat' dir='ltr'>haesisse</span> <span class='ocrx_word' id='word_1_236' title='bbox 1113 3414 1145 3476; x_wconf 92' lang='lat' dir='ltr'>in</span> <span class='ocrx_word' id='word_1_237' title='bbox 1172 3415 1264 3479; x_wconf 92' lang='lat' dir='ltr'>rebus</span> 
     </span>
     <span class='ocr_line' id='line_1_31' title="bbox 139 3518 1264 3601; baseline 0.003 -20"><span class='ocrx_word' id='word_1_238' title='bbox 139 3518 327 3600; x_wconf 89' lang='lat' dir='ltr'>quibusdam</span> <span class='ocrx_word' id='word_1_239' title='bbox 353 3518 513 3583; x_wconf 89' lang='lat' dir='ltr'>indicaret.</span> <span class='ocrx_word' id='word_1_240' title='bbox 542 3519 600 3583; x_wconf 91' lang='lat' dir='ltr'>hos</span> <span class='ocrx_word' id='word_1_241' title='bbox 629 3518 690 3583; x_wconf 90' lang='lat' dir='ltr'>duo</span> <span class='ocrx_word' id='word_1_242' title='bbox 720 3518 843 3583; x_wconf 92' lang='lat' dir='ltr'>codices</span> <span class='ocrx_word' id='word_1_243' title='bbox 866 3518 943 3581; x_wconf 91' lang='lat' dir='ltr'>mihi</span> <span class='ocrx_word' id='word_1_244' title='bbox 967 3518 1179 3597; x_wconf 78' lang='lat' dir='ltr'>vindobonae,</span> <span class='ocrx_word' id='word_1_245' title='bbox 1204 3540 1264 3601; x_wconf 91' lang='lat' dir='ltr'>quo</span> 
     </span>
     <span class='ocr_line' id='line_1_32' title="bbox 139 3625 1264 3716; baseline 0.002 -28"><span class='ocrx_word' id='word_1_246' title='bbox 139 3643 262 3688; x_wconf 89' lang='lat' dir='ltr'>summa</span> <span class='ocrx_word' id='word_1_247' title='bbox 283 3625 469 3689; x_wconf 87' lang='lat' dir='ltr'>liberalitate</span> <span class='ocrx_word' id='word_1_248' title='bbox 493 3644 600 3689; x_wconf 91' lang='lat' dir='ltr'>eorum</span> <span class='ocrx_word' id='word_1_249' title='bbox 624 3625 677 3707; x_wconf 90' lang='lat' dir='ltr'>qui</span> <span class='ocrx_word' id='word_1_250' title='bbox 699 3626 748 3716; x_wconf 86' lang='lat' dir='ltr'>illi</span> <span class='ocrx_word' id='word_1_251' title='bbox 770 3625 978 3689; x_wconf 90' lang='lat' dir='ltr'>bibliothecae</span> <span class='ocrx_word' id='word_1_252' title='bbox 1001 3627 1150 3707; x_wconf 90' lang='lat' dir='ltr'>praesunt</span> <span class='ocrx_word' id='word_1_253' title='bbox 1167 3628 1264 3691; x_wconf 91' lang='lat' dir='ltr'>trans·</span> 
     </span>
     <span class='ocr_line' id='line_1_33' title="bbox 139 3728 658 3812; baseline 0.006 -21"><span class='ocrx_word' id='word_1_254' title='bbox 139 3728 333 3805; x_wconf 87' lang='lat' dir='ltr'>missisunt,</span> <span class='ocrx_word' id='word_1_255' title='bbox 358 3748 534 3812; x_wconf 89' lang='lat' dir='ltr'>comparare</span> <span class='ocrx_word' id='word_1_256' title='bbox 558 3731 658 3796; x_wconf 89' lang='lat' dir='ltr'>licuit.</span> 
     </span>
    </p>

    <p class='ocr_par' dir='ltr' id='par_1_10' title="bbox 138 3832 1314 4237">
     <span class='ocr_line' id='line_1_34' title="bbox 183 3832 1314 3923; baseline 0.004 -25"><span class='ocrx_word' id='word_1_257' title='bbox 183 3834 285 3900; x_wconf 82' lang='lat' dir='ltr'>Codex</span> <span class='ocrx_word' id='word_1_258' title='bbox 300 3836 600 3901; x_wconf 87' lang='lat' dir='ltr'>Vindobonensis</span> <span class='ocrx_word' id='word_1_259' title='bbox 620 3857 664 3901; x_wconf 91' lang='lat' dir='ltr'>nr.</span> <span class='ocrx_word' id='word_1_260' title='bbox 687 3839 769 3900; x_wconf 82' lang='grc'>1046</span> <span class='ocrx_word' id='word_1_261' title='bbox 787 3836 895 3923; x_wconf 83' lang='lat' dir='ltr'>(Uniu.</span> <span class='ocrx_word' id='word_1_262' title='bbox 912 3832 968 3920; x_wconf 85' lang='grc'>89)</span> <span class='ocrx_word' id='word_1_263' title='bbox 983 3838 1111 3903; x_wconf 88' lang='lat' dir='ltr'>membr.</span> <span class='ocrx_word' id='word_1_264' title='bbox 1131 3838 1262 3903; x_wconf 90' lang='lat' dir='ltr'>miscell.</span> <span class='ocrx_word' id='word_1_265' title='bbox 1287 3851 1314 3912; x_wconf 84' lang='lat' dir='ltr'>V</span> 
     </span>
     <span class='ocr_line' id='line_1_35' title="bbox 140 3936 1264 4025; baseline 0.006 -23"><span class='ocrx_word' id='word_1_266' title='bbox 140 3942 169 4003; x_wconf 93' lang='lat' dir='ltr'>in</span> <span class='ocrx_word' id='word_1_267' title='bbox 198 3943 231 4003; x_wconf 79' lang='grc' dir='ltr'>8ο</span> <span class='ocrx_word' id='word_1_268' title='bbox 260 3943 377 4005; x_wconf 90' lang='lat' dir='ltr'>saeculi</span> <span class='ocrx_word' id='word_1_269' title='bbox 404 3942 464 4005; x_wconf 87' lang='grc' dir='ltr'>ΧΗ</span> <span class='ocrx_word' id='word_1_270' title='bbox 492 3942 567 4006; x_wconf 87' lang='lat' dir='ltr'>folio</span> <span class='ocrx_word' id='word_1_271' title='bbox 596 3941 731 4007; x_wconf 59' lang='lat' dir='ltr'>tlh-34¹³</span> <span class='ocrx_word' id='word_1_272' title='bbox 759 3944 818 4009; x_wconf 92' lang='lat' dir='ltr'>hoc</span> <span class='ocrx_word' id='word_1_273' title='bbox 847 3943 1034 4025; x_wconf 88' lang='lat' dir='ltr'>opusculum</span> <span class='ocrx_word' id='word_1_274' title='bbox 1059 3936 1204 4009; x_wconf 88' lang='lat' dir='ltr'>exhibens</span> <span class='ocrx_word' id='word_1_275' title='bbox 1228 3966 1264 4009; x_wconf 90' lang='lat' dir='ltr'>ex</span> 
     </span>
     <span class='ocr_line' id='line_1_36' title="bbox 138 4031 1264 4132; baseline 0.007 -25"><span class='ocrx_word' id='word_1_276' title='bbox 138 4047 324 4128; x_wconf 88' lang='lat' dir='ltr'>interpolato</span> <span class='ocrx_word' id='word_1_277' title='bbox 347 4048 431 4111; x_wconf 90' lang='lat' dir='ltr'>fonte</span> <span class='ocrx_word' id='word_1_278' title='bbox 455 4048 587 4112; x_wconf 88' lang='lat' dir='ltr'>haustus</span> <span class='ocrx_word' id='word_1_279' title='bbox 611 4053 644 4113; x_wconf 88' lang='lat' dir='ltr'>et</span> <span class='ocrx_word' id='word_1_280' title='bbox 664 4050 731 4131; x_wconf 91' lang='lat' dir='ltr'>ipse</span> <span class='ocrx_word' id='word_1_281' title='bbox 755 4051 960 4132; x_wconf 89' lang='lat' dir='ltr'>interpolatus</span> <span class='ocrx_word' id='word_1_282' title='bbox 985 4048 1067 4112; x_wconf 90' lang='lat' dir='ltr'>exiit.</span> <span class='ocrx_word' id='word_1_283' title='bbox 1090 4051 1194 4113; x_wconf 89' lang='lat' dir='ltr'>tamen</span> <span class='ocrx_word' id='word_1_284' title='bbox 1213 4031 1264 4116; x_wconf 86' lang='lat' dir='ltr'>hic</span> 
     </span>
     <span class='ocr_line' id='line_1_37' title="bbox 140 4152 1263 4237; baseline 0.006 -23"><span class='ocrx_word' id='word_1_285' title='bbox 140 4152 203 4216; x_wconf 91' lang='lat' dir='ltr'>illic</span> <span class='ocrx_word' id='word_1_286' title='bbox 236 4153 402 4235; x_wconf 80' lang='lat' dir='ltr'>genuinam</span> <span class='ocrx_word' id='word_1_287' title='bbox 434 4154 602 4218; x_wconf 89' lang='lat' dir='ltr'>lectionem</span> <span class='ocrx_word' id='word_1_288' title='bbox 635 4174 704 4222; x_wconf 89' lang='lat' dir='ltr'>curn</span> <span class='ocrx_word' id='word_1_289' title='bbox 739 4156 856 4237; x_wconf 88' lang='lat' dir='ltr'>optimo</span> <span class='ocrx_word' id='word_1_290' title='bbox 882 4154 988 4219; x_wconf 91' lang='lat' dir='ltr'>codice</span> <span class='ocrx_word' id='word_1_291' title='bbox 1012 4152 1109 4219; x_wconf 86' lang='lat' dir='ltr'>offert.</span> <span class='ocrx_word' id='word_1_292' title='bbox 1134 4155 1263 4221; x_wconf 88' lang='lat' dir='ltr'>adeius</span> 
     </span>
    </p>
   </div>
   <div class='ocr_carea' id='block_1_6' title="bbox 0 0 1474 4628">
    <p class='ocr_par' dir='ltr' id='par_1_11' title="bbox 0 0 1474 4628">
     <span class='ocr_line' id='line_1_38' title="bbox 0 0 1474 4628; baseline 0 2"><span class='ocrx_word' id='word_1_293' title='bbox 0 0 1474 4628; x_wconf 95' lang='lat' dir='ltr'> </span> 
     </span>
    </p>
   </div>
  </div>
 </body>
</html>
