2940 4628
455 266 525 320 VIII.
553 266 603 321 Dc
629 268 768 322 natura
795 267 884 321 b'oni
911 268 974 322 lib.
1205 275 1265 338 861

196 465 245 528 15.
279 461 350 540 Sed,
374 464 410 526 ut
442 462 525 544 quod
558 461 691 526 dicimus
721 462 925 546 intellegatur
951 466 983 527 et
1009 464 1140 529 nimium
1172 467 1269 531 tardis
1362 504 1364 508 ι

150 569 227 634 satis
256 569 320 647 fist,
348 569 400 632 uel
427 567 521 632 etiam
549 568 724 652 pertinaces
752 572 784 633 et
810 570 1007 652 apertissime
1030 571 1156 635 ueritati
1178 590 1268 656 repu-

118 709 119 712 ¹
148 677 279 759 guantes
311 677 464 758 cogantur
495 673 579 755 quod
609 692 719 738 uerum
751 677 801 740 est
832 676 991 756 confiteri,
1028 677 1267 762 interrogentur,

148 785 254 846 utrum
276 781 398 865 corpori
420 780 529 846 simiae
551 781 654 864 possit
675 800 786 846 nocere
810 783 976 865 corruptio.
1000 783 1084 865 quod
1106 783 1134 848 si
1150 788 1266 868 potest,
1347 842 1349 846 ,

120 890 183 953 eut
204 887 326 953 foedius
350 887 414 964 fiat,
438 887 514 969 quid
535 887 652 951 minuit
673 887 735 953 nisi
753 887 997 969 pulchntudinis
1019 890 1161 955 bonum?
1184 891 1266 955 unde

146 994 265 1059 tamdiu
289 993 407 1077 aliquid
428 993 611 1070 remanebit,
632 993 783 1076 quamdiu
806 995 944 1077 corporis
971 997 1082 1059 natura
1110 996 1265 1062 subsistit.

145 1101 273 1184 proinde
296 1101 325 1165 si
347 1104 533 1183 consumpto
556 1101 638 1167 bono
661 1104 773 1164 natura
796 1101 1001 1179 consumitur,
1025 1103 1107 1167 bona
1125 1108 1174 1167 est
1193 1123 1265 1189 ergo

145 1211 266 1275 natura.
299 1207 345 1272 sic
368 1210 400 1273 et
420 1207 545 1271 tardum
569 1207 702 1273 dicimus
725 1208 828 1272 ueloci
852 1207 1058 1284 contrarium
1083 1209 1138 1274 sod
1160 1212 1264 1274 tamen

109 1324 110 1327 ’
145 1316 199 1397 qui
222 1333 256 1379 se
279 1314 404 1380 omnino
427 1316 628 1389 ammonet,
652 1313 840 1378 nectardus
864 1314 926 1379 dici
947 1317 1061 1398 potest.
1087 1316 1132 1381 sic
1155 1319 1264 1381 acutae

101 1440 125 1477 ιο
144 1421 216 1486 uoci
238 1420 424 1486 contrariam
447 1439 559 1486 uocem
583 1420 715 1485 dicimus
738 1439 865 1504 manem
884 1422 937 1484 uel
956 1439 1084 1487 canorae
1103 1440 1263 1505 asperam3

144 1527 200 1595 sed
228 1526 255 1591 si
283 1545 407 1591 omnem
435 1527 571 1610 speciem
599 1527 687 1592 uocis
714 1527 840 1610 penitus
868 1526 996 1605 adimus,
1021 1528 1181 1593 silentium
1204 1530 1262 1607 est,

143 1634 198 1698 ubi
219 1653 280 1699 uox
303 1634 390 1698 nulla
413 1635 479 1699 est:
513 1633 597 1716 quod
623 1636 727 1698 temen
751 1632 911 1697 silentium
935 1652 970 1699 eo
992 1634 1073 1718 ipso,
1097 1635 1181 1717 quod
1202 1653 1263 1699 uox

142 1741 228 1804 nulla
246 1743 303 1806 est.
321 1743 484 1820 tamquam
502 1739 690 1805 contrarium
708 1739 781 1805 uoci
798 1739 880 1804 solet
894 1739 1021 1823 obponi.
1045 1740 1090 1805 sic
1109 1743 1141 1805 ot
1158 1740 1263 1806 lucide

144 1849 176 1909 et
198 1848 330 1911 obscura
356 1849 518 1927 tamquam
546 1845 607 1910 duo
640 1846 792 1910 contraria
819 1845 981 1920 dicuntum
1013 1846 1130 1910 habent
1156 1850 1270 1911 tamen-

99 1971 124 2010 n
142 1954 175 2016 et
201 1953 334 2017 obscura
361 1952 481 2034 aliquid
506 1952 599 2028 lucis,
627 1951 712 2034 quod
739 1951 766 2017 si
793 1952 918 2034 penitus
951 1956 1083 2029 careant,
1115 1954 1160 2017 ita
1187 1957 1262 2018 suut

141 2059 286 2123 tenebrae
308 2059 389 2123 lucis
413 2058 554 2123 absentia
576 2058 661 2123 sicut
682 2058 843 2122 silentium
866 2057 954 2124 uocis
977 2058 1127 2125 absentia.

186 2166 236 2229 16.
262 2162 348 2244 Quae
369 2167 476 2229 tamen
499 2163 593 2229 otiam
610 2163 802 2247 priuationes
820 2184 923 2244 rerum
942 2164 1037 2229 sicin
1055 2165 1259 2230 uniuersitate

140 2275 268 2336 naturae
287 2270 476 2345 ordinantur,
490 2270 528 2332 ut
545 2269 701 2351 sapienter
718 2269 986 2335 considerantibus
1003 2289 1064 2335 nou
1081 2271 1261 2337 indecenter

138 2377 226 2443 uices
249 2395 323 2442 suas
345 2375 489 2442 babeant.
522 2395 593 2440 nam
621 2378 653 2440 et
680 2376 756 2441 deus
784 2377 868 2441 certa
888 2377 959 2442 loca
981 2380 1014 2441 et
1034 2379 1175 2462 tempora
1197 2397 1258 2443 non

96 2499 121 2538 20
138 2483 352 2548 inluminando
374 2483 519 2546 tenebras
541 2482 616 2547 fecit
638 2484 703 2546 tam
727 2481 872 2547 decenter
894 2501 989 2564 quam
1013 2483 1089 2548 dies.
1122 2483 1150 2549 si
1176 2484 1258 2549 enim

138 2609 195 2655 nos
232 2588 417 2654 continendo
452 2606 565 2653 uocem
602 2588 747 2653 decenter
781 2588 1007 2671 interponimus
1038 2589 1070 2653 in
1100 2590 1257 2674 loquendo

138 2696 319 2761 silentium:
349 2698 466 2777 quanto
497 2694 599 2778 magis
630 2693 685 2759 ille
715 2694 910 2777 quarundam
936 2714 1039 2762 rerum
1065 2695 1257 2779 priuationcs

138 2802 284 2867 decenter
304 2801 381 2866 facit
416 2801 500 2866 sicut
525 2819 629 2865 rerum
657 2801 797 2866 omnium
823 2801 981 2885 perfectus
1009 2799 1143 2865 artifex?
1174 2801 1256 2866 unde

137 2911 170 2973 et
190 2909 223 2973 in
246 2908 361 2991 hymno
385 2909 480 2971 trium
503 2926 671 2990 pueromm
699 2905 793 2972 etiam
820 2907 873 2971 lux
900 2908 933 2970 et
957 2907 1102 2972 tenebrae
1127 2906 1259 2971 laudant

92 3031 119 3071 ss
135 3016 247 3094 deum,
279 3014 313 3078 id
345 3016 394 3078 est
431 3012 498 3077 eius
534 3011 661 3076 laudem
696 3011 775 3077 bene
810 3011 1073 3077 considerantium
1111 3012 1257 3079 cordibus

175 3121 202 3184 ri
225 3123 269 3185 nt.

135 3140 231 3291 pali.
263 3227 334 3291 Non
361 3244 434 3308 ergo
462 3224 556 3301 mala,
576 3226 615 3288 r'n
644 3227 799 3306 quantum,
822 3227 934 3289 natura
960 3227 1018 3304 est,
1046 3226 1113 3290 ulla
1134 3228 1254 3305 natura,

169 3367 185 3419 2
205 3366 369 3436 apertissime
388 3364 411 3419 S
469 3365 487 3417 4
505 3365 571 3417 sime
588 3364 625 3417 Ρ1
688 3364 704 3416 5
722 3362 809 3434 fedius
827 3362 875 3418 ΒΡ
890 3363 977 3419 fedius
995 3367 1051 3418 stet
1069 3363 1140 3434 qnod
1157 3364 1254 3419 minuit

133 3456 157 3509 si
174 3456 201 3508 A
285 3453 421 3524 deliquid
439 3452 536 3508 om.G
620 3452 692 3506 isid
710 3454 787 3522 supto
805 3452 832 3504 A
920 3456 1056 3506 consumto
1074 3453 1103 3506 P
1189 3470 1252 3523 ergo

133 3548 176 3599 est
205 3543 232 3597 V
282 3540 373 3611 9sic]
400 3540 470 3596 siS
540 3539 572 3594 10
591 3540 723 3594 conmorit
748 3540 775 3593 A
845 3555 953 3609 manem
981 3540 1091 3595 dicimus
1115 3540 1252 3596 PAVLG

133 3630 272 3687 cencres
357 3632 390 3686 11
414 3644 518 3683 omnem
540 3645 590 3683 om.
616 3628 643 3681 A
734 3628 840 3698 penitus
863 3643 913 3684 om.
932 3628 959 3681 A
1047 3629 1081 3683 13
1099 3629 1197 3700 apponi
1216 3628 1251 3683 G*

132 3719 289 3776 otomAff
344 3715 850 3785 1411(1.1.αηι.1)ιῖοηι.1”(ι’ι
909 3717 942 3770 15
959 3717 1024 3770 locis
1042 3716 1080 3771 Ρι
1119 3748 1121 3752 ⁷
1169 3716 1250 3786 qnod]

132 3827 184 3880 quo
201 3808 315 3863 Aruer
414 3807 469 3860 sint
488 3795 534 3860 G¹
615 3805 649 3859 16
667 3803 893 3859 sicut-absentia
910 3820 960 3861 om.
978 3803 1005 3857 L
1105 3805 1138 3857 17
1157 3804 1195 3858 sic
1215 3804 1251 3859 θ’
1290 3854 1291 3857 ,

131 3898 287 3952 ordinantur
302 3897 331 3950 in
349 3895 524 3961 uniuersitate
541 3893 671 3965 natureb
767 3894 801 3946 19
818 3891 993 3948 habeeantS
1091 3892 1125 3947 20
1143 3892 1210 3946 facit
1226 3893 1254 3946 P

131 3992 210 4057 quam
223 3988 259 4041 P¹
322 3984 398 4054 dics]
416 3981 641 4038 deusPSALGb
694 3980 729 4034 24
747 3982 775 4035 in
792 3997 843 4036 om.
857 3981 884 4034 A
952 3981 1052 4051 hymno
1066 3980 1090 4036 S
1104 3998 1182 4052 ymno
1197 3980 1253 4035 Ae

129 4077 162 4129 25
182 4072 362 4128 domiuum&
446 4070 525 4140 benc]
542 4070 571 4124 in
589 4068 656 4124 bene
674 4068 763 4138 AGv
814 4069 847 4122 27
866 4069 937 4123 mola
955 4067 1031 4122 estb
1121 4071 1251 4138 qnantum
1337 4110 1340 4114 Α

40 4146 43 4151 ’
127 4167 222 4218 natura
240 4179 290 4217 om.
308 4161 344 4214 Ρ1
