2940 4628
215 287 279 350 814
566 285 592 339 S.
621 284 755 341 Aureli
782 284 994 353 Augustini

215 479 427 561 apostolorum
459 479 594 541 Paulum
624 497 680 560 per
711 478 856 560 spiritum
888 481 1049 558 sanctum,
1082 480 1135 562 qui
1166 479 1197 543 in
1231 501 1338 546 omnes

215 585 375 667 apostolos
398 587 535 660 uenerat,
563 584 767 667 prophetasse
790 584 884 648 etiam
908 585 945 648 de
968 585 1031 650 ista
1055 589 1162 652 uestra
1189 587 1338 666 doctriua,

215 689 288 771 quia
314 689 419 754 futura
447 693 521 769 erut,
551 693 583 755 et
609 709 677 754 eam
699 691 877 774 'appellasse
906 691 1077 757 doctrinam
1105 692 1338 759 daemoniorum
1402 677 1404 680 ’

214 797 522 879 mendaciloquorum
547 849 554 863 .
578 797 634 862 uhi
661 797 784 862 ostendi
811 817 857 875 ea,
887 817 965 880 quae
994 799 1070 863 dixit
1091 801 1210 866 Paulus
1233 801 1339 864 futura

214 901 246 965 in
277 903 347 985 ipse
379 902 519 969 doctrina
550 903 589 966 ad
620 906 758 968 uestram
786 903 1012 986 professionem
1038 905 1201 988 pertinere,
1228 902 1338 971 idest
1369 914 1382 954 ⁵

213 1009 455 1091 prohibitionem
473 1010 652 1093 nuptiarum
670 1010 805 1092 -quia
828 1030 951 1075 omnem
975 1012 1185 1091 concubitum,
1210 1015 1337 1078 etcum
1368 995 1369 998 Ἴ

215 1135 319 1195 uxore,
347 1116 582 1182 iomicationem
611 1135 679 1181 esse
708 1116 812 1181 dicitis
834 1153 876 1164 —
902 1120 933 1181 et
960 1117 1180 1183 abstinentiam
1207 1138 1225 1183 a
1247 1119 1336 1198 cibis,

215 1240 293 1302 quos
318 1221 395 1286 deus
414 1221 593 1286 creauit-
612 1221 685 1302 quia
706 1221 781 1285 noui
802 1240 860 1286 uos
884 1222 1036 1303 quosdam
1059 1223 1145 1289 cibos
1168 1222 1269 1288 dicere
1290 1224 1336 1289 in·

215 1327 360 1404 mundos,
385 1346 455 1392 cnm
480 1327 548 1410 ipse
572 1329 721 1409 sequatur
748 1330 781 1392 et
807 1328 905 1393 dicat:
937 1329 1053 1395 omnis
1082 1333 1251 1394 creatura
1279 1331 1336 1396 dei

215 1433 310 1499 bona
332 1436 391 1498 est
412 1471 455 1481 —
479 1452 550 1498 eum
573 1433 625 1498 hic
648 1453 667 1497 a
688 1436 720 1502 te
744 1434 908 1518 exigerem,
932 1438 969 1498 ut
990 1435 1202 1519 responderes,
1231 1437 1336 1501 dixisti
1353 1445 1378 1485 ¹⁰

214 1539 432 1604 Manichaeum
451 1539 595 1605 docuisse
614 1559 671 1605 uos
689 1539 824 1619 initium,
842 1541 981 1605 medium
1000 1543 1033 1606 et
1048 1540 1141 1606 finem
1161 1545 1192 1607 et
1209 1561 1336 1608 cursum
1412 1538 1414 1543 ’

215 1644 292 1710 solis
316 1648 348 1709 et
368 1645 461 1709 lunae
485 1648 517 1710 et
539 1647 641 1710 cetera
662 1646 756 1723 talia;
785 1665 864 1728 quae
891 1666 962 1712 cum
991 1666 1047 1730 ego
1076 1648 1270 1713 ostenderem
1297 1649 1335 1713 ad

216 1750 417 1815 christianam
448 1751 621 1817 doctrinam
652 1771 712 1818 non
743 1752 906 1836 pertinere,
939 1753 1127 1836 respondisti
1158 1757 1335 1838 apostolum

171 1850 174 1854 ⁴
215 1858 319 1942 ipsum
338 1859 472 1923 Paulum
494 1858 620 1937 dixisse,
639 1859 713 1942 quia
734 1878 770 1924 ex
791 1863 878 1942 parte
901 1859 971 1938 soit,
995 1879 1030 1924 ex
1052 1862 1138 1943 parte
1160 1862 1334 1944 prophetat.

217 1964 358 2030 diuinos
381 1984 442 2030 nou
464 1983 557 2048 posse
581 1965 660 2031 sciro
683 1964 799 2044 diuina,
828 1977 900 2030 cum
927 1984 1036 2030 sumus
1063 1965 1095 2030 in
1122 1965 1181 2031 hac
1204 1967 1279 2045 nita,
1303 1973 1336 2033 et
1350 1975 1378 2016 ¹⁶

216 2072 269 2136 hic
290 2070 398 2135 nidere
420 2090 475 2153 per
501 2072 666 2154 speculum
694 2071 782 2136 etin
811 2070 995 2155 aenigmate,
1023 2075 1099 2137 tunc
1125 2076 1228 2138 autem
1256 2073 1335 2139 facie
1378 2081 1381 2086 ’

217 2177 400 2257 adfaciem,
425 2181 457 2243 et
479 2178 622 2261 quaesiui
644 2198 662 2243 a
682 2177 725 2258 te,
755 2180 782 2244 si
808 2178 868 2245 hoc
894 2181 987 2262 putas
1015 2179 1129 2245 dixisse
1157 2181 1335 2262 apostolum
1443 2192 1445 2195 ·

216 2285 362 2364 Paulum,
385 2285 468 2367 quod
493 2286 642 2350 uenturus
665 2287 750 2349 esset
771 2285 982 2373 Manichacus,
1012 2285 1066 2367 qui
1094 2284 1228 2363 doceret,
1252 2285 1335 2367 quod

217 2412 278 2458 non
303 2393 427 2476 poterat
452 2391 581 2470 Paulus,
609 2390 761 2474 pertinere
789 2391 827 2456 ad
854 2394 896 2469 te,
924 2390 1037 2472 quite
1068 2390 1145 2456 dicis
1177 2391 1335 2474 accepisse

216 2499 320 2583 ipsum
344 2498 489 2581 spiritum
510 2497 617 2562 uidere
640 2497 732 2563 modo
751 2497 844 2562 deum
861 2497 941 2562 facie
959 2497 998 2562 ad
1015 2497 1137 2564 faciem.
1161 2497 1243 2581 quod
1262 2497 1335 2579 quia
1350 2504 1375 2542 ²⁰

217 2624 278 2671 uon
300 2607 401 2687 potes.
416 2603 620 2673 manifestum
640 2606 688 2668 est
711 2602 886 2685 apostolum
909 2602 1043 2666 Paulum
1066 2603 1103 2666 ds
1125 2602 1181 2666 illa
1195 2599 1268 2666 'uita
1290 2602 1352 2666 dt<

217 2710 314 2789 risse,
347 2710 386 2775 de
418 2713 480 2790 que
511 2708 588 2773 dicit
615 2709 647 2773 et
673 2707 845 2772 Iohannes:
878 2707 1135 2785 dilectiss-imi,
1167 2707 1243 2772 iilii
1276 2708 1333 2773 dei

219 2836 346 2882 sumus
370 2819 406 2881 et
427 2815 587 2881 nondum
610 2814 782 2898 adparuit
800 2813 887 2895 quid
906 2813 1057 2888 erimus3
1081 2815 1219 2879 scimus
1238 2813 1333 2878 enim

219 2923 303 3007 quia
326 2921 649 3005 cum'adparuerit,
669 2919 809 2986 similes
829 2919 862 2985 ei
881 2918 1027 2998 erimus,
1046 2920 1216 3002 quoniam
1234 2920 1333 2985 uide·

216 3029 338 3094 bimus
362 3048 442 3093 eum
465 3027 581 3092 sicuti
604 3029 669 3091 est.
693 3025 753 3092 hoo
774 3027 811 3090 tu
834 3044 905 3090 cum
928 3025 1080 3104 audisses,
1100 3025 1205 3090 dixisti
1222 3029 1255 3090 te
1272 3045 1333 3091 non
1351 3031 1376 3071 ²⁵

218 3138 322 3201 ualere
346 3137 453 3202 contra
474 3149 575 3200 meam
598 3133 749 3197 uirtutem
773 3183 780 3198 .
803 3149 882 3214 qnae
904 3131 1006 3197 uirtus
1027 3150 1179 3197 mennon
1203 3135 1262 3211 est,
1281 3133 1336 3198 sed

220 3243 247 3315 si
270 3241 375 3322 aliqua
397 3243 456 3317 est,
480 3238 517 3303 ah
539 3239 596 3303 illo
618 3236 696 3301 mihi
719 3236 791 3300 data
813 3235 923 3300 estad
949 3235 1179 3319 redarguendos
1207 3255 1335 3316 errores,

219 3349 398 3432 quiuirtus
420 3349 470 3412 est
492 3345 632 3411 omnium
653 3332 944 3408 coenomanorum
968 3343 1000 3406 et
1020 3343 1113 3424 pleno
1137 3341 1227 3425 corde
1246 3341 1284 3406 de
1302 3353 1335 3407 se

218 3453 495 3540 praesumentium.
519 3451 624 3517 dixisti
646 3451 752 3528 etiam,
776 3449 859 3531 quod
879 3451 912 3514 te
931 3433 1115 3533 episcopalis
1132 3449 1248 3512 torreat
1265 3466 1334 3513 auc·

218 3561 340 3640 toritas,
372 3579 444 3625 cum
470 3558 590 3637 uideas,
617 3559 733 3639 quanta
757 3573 834 3640 pace
859 3555 941 3619 inter
966 3572 1023 3619 nos
1051 3571 1190 3637 agamus,
1222 3558 1337 3637 quanta
1351 3569 1378 3609 ω

218 3667 443 3749 tranquillitate
481 3665 692 3747 disputemus,
730 3660 991 3745 quomadmodum
1022 3660 1158 3743 populus
1188 3676 1336 3743 praesens

305 3860 323 3914 a
340 3859 355 3912 1
372 3857 440 3912 mm.
457 3856 483 3922 4,
503 3856 517 3910 1
536 3872 594 3925 sqq.
647 3854 682 3908 aa
698 3853 714 3908 1
730 3853 788 3907 Ich.
805 3855 831 3917 a,
849 3853 866 3907 a

254 4008 402 4081 'icybisP
452 4003 484 4062 11·
503 4005 593 4062 nosd
642 4021 692 4060 nos
709 4004 837 4060 doceret
908 4002 1033 4058 cursusb
1086 4003 1118 4057 12
1137 4019 1187 4073 ego
1205 4019 1265 4057 cum
1281 4001 1334 4057 PR
1459 4051 1461 4054 ,

220 4091 254 4158 13
280 4100 342 4170 ipsu
369 4095 530 4168 spostoltt
617 4095 653 4149 14
678 4095 706 4148 et
727 4109 759 4147 cx
779 4093 856 4162 purte
876 4090 1009 4163 propht
1097 4091 1130 4145 16
1153 4089 1337 4162 enigmateT
1382 4143 1384 4145 ,

219 4190 254 4246 28
272 4188 343 4261 quod
359 4185 430 4241 PR?
483 4181 562 4254 enim]
575 4185 670 4238 ‘summ
686 4179 751 4238 Psi
