2940 4628
220 265 295 328 XVI
677 259 891 315 Praefatio.

220 455 286 516 est:
312 449 466 514 Sordonum
490 453 563 516 250.
589 451 684 516 codex
707 471 767 517 non
790 454 855 515 tam
878 451 1017 515 bonitate
1041 468 1133 532 quam
1157 450 1347 515 fecunditate

218 556 362 638 insignis.
394 557 595 639 amplectitur
627 557 709 620 enim
749 557 888 620 omnium
921 575 999 638 qnos
1033 556 1167 640 cognoui
1204 556 1347 620 codicum

219 662 391 746 Augustini
415 682 543 744 operum
567 664 620 728 uel
643 683 751 729 eornm
770 682 849 747 quse
867 663 1037 747 Augustini
1059 663 1183 728 nomine
1206 663 1349 728 feruntur

218 769 362 852 plurima.
391 772 466 835 sunt
493 773 598 835 autem
630 771 726 837 haec:
758 773 786 832 1.
815 773 920 835 corrtra
957 769 1117 849 epistubam
1151 769 1347 848 fundamenti

217 877 249 937 2.
269 877 375 937 eontra
393 871 598 938 Adimantum
613 873 970 954 Maniolai-discipulum
985 877 1016 940 3.
1032 872 1106 936 liber
1122 872 1348 953 soliloquiorum

219 983 249 1044 4.
273 979 310 1042 de
337 979 501 1060 disciplina
531 981 702 1044 christiana
730 984 758 1042 5.
782 980 818 1044 de
840 981 907 1043 uita
929 981 1098 1044 christiana
1122 984 1150 1042 b.
1175 981 1211 1043 de
1233 983 1348 1043 natura

218 1089 246 1149 et
272 1087 388 1167 oriaine
415 1087 538 1150 anianae
564 1086 607 1149 uel
636 1087 824 1149 uincentium
851 1090 880 1148 7.
908 1085 946 1149 de
972 1085 1120 1165 buntmmo
1142 1085 1347 1165 paruulorum
1407 1163 1409 1167 ι

220 1193 250 1256 8.
283 1203 393 1272 mones
424 1192 461 1256 ele
491 1212 570 1255 remeo
602 1196 630 1257 et
660 1193 756 1255 caeleri
787 1195 960 1255 testamento
993 1195 1022 1256 9.
1056 1170 1092 1253 de
1118 1192 1298 1254 correctione
1321 1195 1348 1252 et

218 1298 352 1381 moribus
375 1279 570 1363 dmatlslard
591 1299 634 1362 acl
654 1279 796 1362 nicentius
810 1301 861 1364 10.
885 1298 921 1361 de
948 1299 1128 1360 correctione
1155 1279 1347 1360 dannamaria

217 1403 260 1466 ad
286 1386 446 1485 bonitactu
467 1402 526 1472 11„
542 1405 579 1469 de
610 1405 709 1468 elecem
736 1405 835 1468 cordis
862 1408 913 1469 12.
942 1404 978 1468 ale
1005 1403 1348 1469 uitabeata13.acta

218 1514 324 1574 contra
344 1494 504 1592 fortunula
544 1496 722 1575 Maniclaeu'
740 1514 791 1578 14.
824 1511 860 1574 de
890 1509 1008 1573 duabus
1039 1509 1201 1572 anirnabus
1234 1510 1283 1570 15.
1308 1508 1355 1570 de·

217 1615 419 1681 achademicis
441 1621 490 1680 16.
514 1618 550 1682 de
572 1618 679 1681 ordine
701 1621 751 1678 17.
771 1617 807 1681 de
829 1617 963 1680 rnombrrs
984 1614 1220 1679 Maniebeorum
1241 1616 1293 1677 18.
1312 1613 1348 1677 ale

215 1724 318 1800 yenesi
344 1723 386 1786 ad
416 1723 549 1788 litteram
574 1743 683 1800 uersam
710 1721 899 1788 Manicbeos.
929 1721 1125 1786 demonibus
1152 1719 1272 1802 ecclesie
1299 1738 1347 1780 ca-

218 1826 325 1910 tlrolice
353 1832 402 1892 19.
427 1834 532 1892 eontra
563 1812 732 1894 mendacin
750 1835 805 1897 20.
828 1829 865 1893 de
887 1849 966 1892 curat
987 1847 1044 1908 pro
1066 1826 1195 1890 rnortuis
1213 1823 1348 1906 uerenda

216 1937 268 1997 21.
292 1934 397 2015 requla
418 1933 587 2017 Auynstini
608 1936 651 2000 ad
672 1936 793 2001 clericas
814 1914 870 2002 22.
893 1954 990 1999 serum
1021 1934 1086 1997 eius
1112 1931 1155 1995 ad
1179 1931 1348 2011 penitentes

217 2043 272 2102 23.
297 2040 333 2104 de
349 2041 521 2120 penitentia
542 2045 596 2106 24.
620 2041 656 2104 dc
672 2041 851 2122 pastoribus
871 2043 924 2105 25.
949 2039 985 2102 de
1008 2037 1115 2102 ouvibus
1135 2041 1189 2102 26.
1209 2036 1245 2099 de
1266 2055 1349 2098 urar-

218 2117 307 2209 bauo
333 2149 387 2212 27.
420 2147 457 2212 a
487 2147 548 2212 nn
572 2147 720 2229 aarum
747 2148 903 2211 amana
929 2149 983 2210 es.
1012 2128 1048 2208 aa
1071 2144 1211 2225 conflua
1233 2118 1348 2205 iterari

218 2255 246 2314 er
276 2234 398 2317 narrati
426 2257 480 2320 eo.
512 2255 549 2318 a
574 2255 729 2334 partam
761 2259 813 2318 aa.
837 2254 874 2317 ue
904 2252 1034 2316 arrarum
1065 2249 1206 2334 creamur
1238 2251 1287 2310 31.
1311 2246 1347 2310 ae

216 2361 321 2440 cratia
342 2363 416 2424 noui
439 2361 608 2424 testamenti
626 2363 678 2427 32.
698 2361 734 2425 de
752 2359 974 2424 ratiocinantis
991 2356 1119 2420 rudibus
1137 2359 1188 2418 33.
1208 2355 1244 2417 de
1261 2352 1349 2450 adeel-

220 2466 327 2529 tcrinis
358 2467 506 2549 contundis
538 2470 595 2533 34.Ι
623 2467 660 2531 de
691 2469 860 2548 quantitate
891 2467 992 2530 anime
1024 2466 1075 2526 35.
1108 2462 1151 2525 ad
1180 2444 1290 2524 renutu
1312 2458 1348 2521 de

220 2573 335 2634 tratura
365 2575 393 2636 et
424 2573 541 2655 mr'qine
571 2573 673 2653 anime
705 2576 755 2636 36.
779 2572 822 2636 ad
846 2576 971 2652 petrum
996 2568 1098 2650 presb.
1131 2567 1168 2630 de
1190 2565 1293 2650 eadem
1314 2582 1348 2625 re

220 2679 273 2738 er.
296 2676 333 2739 a
355 2678 472 2741 ‹rraaa
494 2678 548 2742 aa
570 2678 613 2742 aa
628 2679 761 2758 aaron
784 2682 836 2744 aa.
860 2678 896 2740 a
918 2657 1050 2739 armna
1072 2674 1126 2737 aa>
1149 2675 1202 2737 so.
1230 2670 1267 2733 a
1288 2667 1348 2748 nn

220 2785 248 2843 rt
269 2782 409 2862 11111111
432 2787 484 2851 40.
507 2783 563 2849 srrb
585 2803 648 2864 qna
669 2784 787 2852 11111111
808 2781 959 2846 manichei
981 2780 1107 2843 debeam
1125 2777 1221 2856 renni
1243 2777 1293 2839 41.
1312 2772 1348 2835 de
1388 2841 1393 2852 ,

214 2889 400 2968 perfectione
421 2890 549 2974 iustitie.
573 2893 667 2972 atque
690 2891 879 2974 opusculum
903 2889 940 2952 de
964 2887 1085 2952 duabus
1108 2880 1347 2950 1111111111111.

224 2992 423 3063 roth-169⁶
459 2996 720 3086 comprehensum
749 2995 950 3061 inscribitur:
986 2992 1103 3073 Inmisit
1134 2989 1208 3053 liber
1238 2986 1350 3050 aurelii

220 3101 377 3181 anqustini
399 3101 435 3166 de
457 3102 575 3166 duabus
596 3103 758 3167 animabus
780 3107 885 3167 eontra
908 3098 1097 3166 Manicbeos.
1116 3099 1193 3165 haec
1215 3114 1286 3177 pars
1310 3093 1348 3155 ab

221 3226 283 3272 uno
315 3208 441 3274 librario
473 3209 588 3275 litteris
621 3210 821 3275 nitidissimis
855 3208 997 3274 confecta
1027 3208 1059 3270 et
1091 3205 1129 3268 ab
1161 3202 1273 3269 eodem
1298 3199 1376 3263 hic

202 3313 287 3397 villic
324 3317 462 3381 comacta
498 3319 637 3380 cetemm
672 3317 794 3382 lacunis
831 3315 963 3397 ahisque
1005 3309 1224 3377 communibus
1261 3305 1349 3369 uitiis

223 3418 338 3483 referta
351 3406 419 3490 est.
442 3421 474 3485 in
504 3440 616 3506 gauere
644 3422 884 3507 orthographico
907 3420 986 3484 liber
1012 3416 1188 3481 luxuriante
1211 3416 1226 3476 t
1246 3412 1352 3475 littera

221 3544 277 3607 pro
301 3525 447 3609 d'posita
470 3531 521 3593 est
543 3529 742 3612 conspicuus.
768 3514 956 3611 opusculum
980 3524 1064 3607 quod
1085 3521 1266 3587 inscribitur
1289 3517 1350 3581 dis-

222 3631 345 3713 putatio
377 3639 486 3698 contra
521 3635 727 3700 Fortunatam
759 3635 814 3701 tol.
848 3632 1049 3698 leot-165·
1072 3629 1208 3695 offertur.
1239 3628 1351 3688 retrae-

226 3738 338 3800 tatione
358 3737 451 3820 finita
473 3739 547 3804 liber
570 3740 699 3821 incipit:
722 3741 764 3804 V⁰
787 3739 839 3802 Kr
863 3736 1038 3819 septembris
1060 3755 1129 3819 sqq.
1156 3733 1227 3814 finit
1248 3730 1352 3810 utma-

225 3844 298 3906 tatio
321 3829 433 3909 aurelii
454 3848 611 3929 auqusttni
637 3852 743 3912 contra
766 3846 971 3909 Fortunatam
993 3841 1184 3907 maniebeum
1204 3838 1255 3920 fol.
1277 3838 1353 3901 165·

225 3949 277 4014 hic
310 3970 433 4035 quoque
464 3956 619 4020 tractatus
642 3955 681 4019 ab
703 3973 766 4019 uno
793 3952 918 4017 librario
941 3950 1137 4033 conscriptus
1169 3949 1235 4023 est;
1268 3943 1352 4008 idem

224 4075 326 4140 panca
343 4060 496 4141 quaedam
515 4061 703 4128 emendauit.
728 4060 824 4126 codex
842 4059 955 4123 mirum
978 4058 1011 4121 in
1033 4053 1162 4123 modum
1183 4053 1353 4116 lacunosus

226 4167 285 4231 est.
307 4169 420 4247 peccat
441 4167 523 4232 enim
545 4168 683 4232 maxime.
702 4187 739 4233 eo
763 4167 847 4251 quod
860 4151 956 4232 oculo
979 4161 1097 4228 librarii
1119 4158 1279 4225 aberrante
1300 4155 1351 4218 uel
