2940 4628
619 274 834 332 Praefatio.
1113 279 1290 347 LXXVHII

165 465 303 531 Mettum
331 486 407 530 saue
437 466 473 530 de
503 467 695 548 quomodom
725 489 819 549 neque
843 489 1016 549 paucorum
1047 469 1108 552 fide
1137 471 1231 553 firnoo
1261 475 1290 536 et

163 572 267 638 satus
285 573 488 656 protelantur,
511 574 565 654 qui
587 594 623 638 ex
645 575 799 639 nemetum
821 576 918 660 Qum
935 577 1075 657 sponsum
1097 576 1140 642 od
1160 574 1290 643 diruti»

164 699 259 744 nouom
279 678 453 762 reliquentem
483 679 534 744 uei
557 677 742 745 Ootlrolioom
762 701 873 761 paoem
900 683 1039 747 conuersi
1059 686 1132 748 sumt
1150 734 1158 751 .
1179 732 1186 748 .
1206 735 1214 751 .
1236 683 1291 750 sed

157 785 332 865 plure'mum
352 785 528 867 infirmitati
549 787 718 862 notuimus,
746 787 840 852 donec
870 788 991 854 diseunt
1019 793 1047 854 et
1067 789 1192 855 ualeam
1214 843 1222 860 .
1247 838 1255 854 .
1280 832 1288 848 ·

167 889 445 967 Oooumouitore'um,
469 891 551 973 qood
570 893 642 957 me‘si
662 892 811 974 tratribus
833 894 979 976 meopte
994 947 1000 962 .
1017 947 1025 963 .
1042 943 1049 959 .
1064 895 1103 960 ab
1121 895 1289 961 omioteleuta

164 995 233 1063 una
256 997 316 1062 ideis
338 998 490 1063 tradatur.
523 998 607 1082 quod
639 1001 744 1064 autem
770 999 898 1065 libellus
926 1019 1026 1084 noque
1049 1002 1088 1067 ab
1110 1001 1287 1087 Augustino

161 1103 499 1171 inRetruetationibus
534 1124 679 1189 nequeo
708 1105 852 1171 Possidio
890 1109 1089 1186 memoratur,
1127 1109 1289 1175 neminem

161 1207 312 1288 monebit,
331 1208 359 1275 si
373 1209 449 1293 quid
462 1209 516 1275 ille
530 1210 674 1293 quisquis
687 1210 749 1274 fuit
763 1209 817 1292 qui
832 1210 978 1296 dogmata
994 1211 1109 1278 litteris
1126 1213 1290 1279 mandauit

162 1318 290 1384 seeutus
322 1316 364 1383 sit
394 1317 592 1400 spectauerit.
624 1335 725 1398 neque
755 1316 835 1381 illud
867 1318 1074 1383 omittendum
1107 1323 1165 1398 est,
1204 1320 1288 1403 quod

139 1421 267 1487 theses
290 1422 398 1505 quales
420 1422 453 1487 in
472 1420 715 1488 commonitorio
737 1426 951 1507 proponuntur
973 1443 1045 1490 oum
1062 1425 1142 1491 loeis
1161 1426 1287 1509 quibus·

161 1527 232 1593 dam
256 1527 326 1593 aliis
348 1526 518 1612 Augustini
550 1527 578 1593 si
611 1548 672 1594 non
694 1529 734 1593 ad
765 1530 896 1595 uerbum
919 1565 960 1577 -
986 1530 1069 1613 qnod
1090 1551 1151 1598 non
1173 1531 1288 1598 mirum

161 1636 224 1712 est3
240 1653 312 1699 nam
326 1636 485 1699 auctorem
499 1633 526 1699 si
540 1632 665 1717 quidem
684 1633 767 1718 quod
785 1634 848 1700 sibi
859 1636 1026 1726 'proposuit
1038 1637 1163 1722 assequi
1175 1638 1288 1719 uoluit,

159 1739 230 1804 illas
252 1738 359 1805 theses
380 1739 413 1805 in
445 1742 565 1804 eertum
597 1739 751 1826 quendam
774 1740 913 1806 ordinem
947 1744 978 1807 et
1009 1745 1125 1808 eertum
1155 1744 1287 1811 formam

158 1844 298 1930 redigere
316 1863 443 1910 neeesse
462 1847 584 1909 erat-
597 1847 630 1910 at
648 1845 820 1912 sententiae
839 1847 1059 1912 conuenienter
1077 1849 1286 1917 consentiunt.

158 1970 347 2035 quamquam
376 1951 437 2018 hoo
465 1951 545 2017 libet
575 1952 686 2017 addere
717 1946 824 2036 negari
854 1971 915 2018 non
946 1971 1039 2035 posse
1061 1954 1142 2019 inter
1163 1954 1285 2021 thesem

158 2077 271 2125 nonam
294 2060 327 2123 et
353 2076 390 2122 ea
417 2076 496 2140 quae
518 2057 604 2122 Felix
626 2058 829 2125 Manichaeus
851 2058 883 2125 in
906 2059 986 2125 libro
1020 2062 1127 2146 eontra
1148 2059 1286 2126 Felioem

159 2167 233 2244 811,
266 2169 377 2248 dsqq.
411 2168 443 2230 et
464 2164 662 2250 Augustinus
693 2166 726 2230 in
758 2165 912 2248 epistulae
943 2165 1137 2232 fundamenti
1169 2185 1236 2251 oap.
1266 2169 1286 2233 6
1338 2200 1340 2204 v

159 2271 290 2355 aliisque
311 2271 391 2337 loois
414 2271 576 2356 disputant
597 2272 734 2337 multum
755 2272 906 2338 interesse
925 2291 1043 2338 neonon
1068 2276 1100 2338 et
1122 2273 1199 2339 alias
1222 2272 1285 2339 dis·

141 2376 333 2461 -orspantias
366 2381 494 2443 exstare.
533 2378 589 2444 sed
623 2377 703 2443 hano
740 2378 997 2462 disseptationem
1032 2379 1155 2445 soluere
1185 2397 1286 2462 neque
1339 2407 1341 2411 ¹

153 2483 252 2549 'huius
282 2482 345 2548 loni
376 2502 434 2548 neo
464 2483 560 2548 nostri
583 2483 706 2548 oonsilii
728 2486 795 2558 sst;
826 2502 876 2548 res
908 2485 1014 2548 autem
1046 2483 1138 2568 digna
1160 2487 1219 2564 est,
1251 2484 1284 2550 in
1393 2486 1395 2489 ’

159 2608 252 2672 quam
283 2588 431 2654 subtilius
463 2591 495 2653 et
525 2589 644 2673 graecis
675 2589 865 2654 testimoniis
896 2588 1003 2655 assitis
1032 2589 1216 2673 inquiratur,
1247 2593 1285 2655 ut

159 2714 267 2761 omnes
290 2694 500 2761 dubitationes
523 2696 637 2759 tollant
676 2745 683 2759 .

200 2801 267 2865 Iam
285 2800 334 2865 his
352 2800 475 2866 indiciis
488 2800 572 2865 haud
586 2800 689 2867 dubiis
704 2801 892 2885 perspicitur
905 2801 1115 2867 Louanienses
1132 2801 1278 2881 editores,

157 2907 198 2972 ad
227 2927 360 2991 qnorum
390 2907 576 2973 sententiam
608 2906 703 2972 etiam
733 2908 798 2972 Mai
819 2908 852 2972 in
875 2926 957 2973 noua
988 2907 1124 2973 editione
1156 2909 1281 2990 patrum

158 3013 441 3080 ecclesiastieorum
479 3015 555 3080 tom.
582 3013 598 3077 Ι
621 3014 765 3094 sesessit,
803 3033 864 3080 non
901 3017 967 3078 tam
1004 3033 1206 3098 praepropere
1242 3015 1281 3079 ad
1324 3099 1327 3103 ἱ

156 3118 369 3205 Augustinum
387 3121 546 3184 auctorem
564 3118 842 3186 Commonitorium
859 3120 1014 3186 retulisse.
1038 3121 1153 3204 quibus
1175 3123 1280 3186 autem

157 3225 261 3291 nausis
275 3224 469 3290 Benediotini
487 3225 614 3291 adduoti
627 3226 700 3304 sint,
716 3233 755 3291 ut
771 3228 831 3293 hoe
849 3229 1036 3312 opuseulum
1052 3228 1083 3292 in
1103 3226 1280 3312 Appendiee

156 3334 233 3397 tom.
257 3331 333 3395 VIII
355 3332 457 3396 looum
482 3331 620 3396 obtuere
642 3332 795 3412 iuberent,
827 3334 998 3418 Ignoratur.
1030 3333 1095 3399 illis
1118 3353 1203 3413 nero,
1226 3334 1280 3418 qui

155 3436 237 3502 inter
258 3436 365 3502 theses
398 3456 466 3503 esse
489 3437 640 3520 quasdam
672 3457 750 3521 quae
782 3439 902 3505 animos
923 3439 1095 3524 legentium
1124 3439 1280 3506 offendant

157 3561 193 3607 ae
214 3542 349 3612 maxime
369 3542 495 3625 quidem
517 3545 657 3627 quartam
681 3547 714 3608 et
735 3545 885 3627 quintam,
906 3548 944 3610 ut
965 3565 1026 3611 non
1043 3545 1214 3611 nertsimile
1237 3545 1280 3612 stt

155 3648 369 3733 nuguounum
399 3648 471 3714 illas
501 3649 608 3716 theses
640 3650 672 3714 in
700 3670 769 3716 eam
799 3651 930 3717 formam
956 3651 1098 3717 redactas
1119 3651 1152 3716 in
1173 3652 1276 3718 luoem

157 3754 345 3841 emissurum
371 3739 480 3830 fuisse,
511 3773 611 3838 neque
641 3756 744 3820 ullum
771 3756 938 3822 eonsilium
959 3793 1004 3804 -
1035 3775 1116 3840 qnae
1147 3756 1277 3839 Dupinii

24 3902 26 3906 -
157 3863 206 3925 est
228 3860 383 3925 sententIa
413 3860 577 3926 seribentis
601 3861 638 3926 de
662 3860 920 3929 Commonitorio:
954 3860 1110 3943 Seriphum
1139 3882 1276 3943 sequens,
1355 3850 1357 3854 ὗ

155 3965 190 4028 o'u
213 3984 270 4045 quo
292 3966 329 4030 de
350 3966 436 4030 modo
450 3967 562 4050 opiter,
586 3987 644 4048 quo
666 3967 709 4032 ad
721 3968 874 4033 eooksium
896 3968 1071 4034 ootdolioom
1094 3968 1277 4033 udmideadi

154 4075 236 4150 suat,
259 4071 312 4152 qui
334 4070 482 4154 &sopato
502 4072 602 4152 imptis
620 4071 759 4137 Monetas
779 4073 898 4138 hadwi
919 4073 963 4138 ud
982 4073 1073 4155 fidem
1099 4071 1276 4138 eutholicam

155 4181 386 4256 reuerterentur,
409 4178 655 4257 antipodum
676 4183 728 4246 est.
760 4178 848 4258 Quod
876 4179 952 4244 mdis?
977 4180 1099 4244 uiddur
1120 4179 1275 4260 quondm
