2940 4628
540 261 754 328 Praefatio.
1089 263 1210 327 XVIIII

86 452 123 540 (l)
146 493 180 502 -
195 448 199 458 ’
212 455 267 538 qui
289 455 373 520 idem
391 474 461 520 mos
480 455 654 539 corrigendi
673 455 766 519 etiam
786 474 805 518 a
821 455 945 520 librario
966 456 1150 519 obseruatur
1167 486 1211 500 -

84 563 149 627 1616
181 563 277 627 uerba
303 561 461 627 ministret
488 561 527 624 ad
554 580 622 625 eam
645 561 776 625 formam
799 560 1000 639 conformata,
1025 579 1103 642 quae
1129 580 1213 625 com-

85 672 196 752 parent
218 669 314 733 etiam
335 668 368 730 in
392 667 463 731 aliis
487 667 658 732 codicibus.
688 666 771 748 quod
796 669 904 731 utrum
927 685 944 731 6
968 667 1146 732 6611661116
1176 685 1213 729 an

86 776 147 841 alio
171 775 279 840 codice
302 776 333 838 in
357 773 534 839 subsidium
557 772 697 837 adhibito
720 772 924 857 suggesserit,
948 772 979 836 in
998 773 1101 838 medio
1120 772 1213 836 relin-

85 883 245 964 quendum
277 901 346 947 esse
379 880 518 945 arbitror.
551 879 631 942 hher
663 896 723 943 nno
755 879 824 943 loco
856 897 928 961 pag.
963 880 1014 957 95,
1049 880 1068 943 6
1101 881 1213 943 lacuna

86 988 296 1073 complurium
318 987 502 1051 uocularum
526 985 602 1050 hiat.

128 1094 230 1159 Codex
253 1093 526 1175 Arnulphensis
550 1111 631 1156 nunc
654 1091 835 1155 Metensis
859 1112 888 1154 n.
920 1093 979 1155 141
1010 1093 1129 1156 saeculi
1153 1093 1210 1168 XI,
1237 1101 1265 1163 Α

87 1201 177 1266 cuius
192 1201 416 1264 accuratiorem
431 1198 671 1280 descriptionem
685 1216 780 1280 snpra
799 1197 927 1275 confeci,
946 1198 1006 1263 hoc
1025 1200 1211 1281 opusculum

85 1307 209 1391 paginis
235 1307 407 1371 155-176
432 1305 565 1382 exhibet,
594 1322 674 1384 quae
700 1303 798 1368 lineas
828 1303 1065 1369 duodetricenas
1088 1305 1216 1373 habent.

88 1413 183 1478 codor
204 1412 407 1494 inscriptione
431 1430 538 1476 carens
563 1410 668 1475 statim
691 1409 863 1492 Augustini
885 1411 982 1473 uerba
1004 1409 1111 1487 offert3
1140 1412 1215 1476 sub·

89 1519 215 1601 scriptio
251 1520 384 1583 refertur
419 1537 490 1602 pag.
525 1517 587 1581 176
619 1515 756 1596 Explicit
791 1517 947 1597 conflictus
982 1515 1151 1598 Aupuctu'ar'
1189 1521 1216 1581 et

88 1624 264 1692 Fortunali.
290 1624 385 1689 codex
408 1626 446 1688 ab
470 1644 531 1688 uno
554 1623 679 1688 librario
703 1624 836 1706 scriptus
861 1625 918 1700 est,
943 1622 1033 1688 cuius
1055 1623 1212 1688 inscitiam

93 1733 291 1816 neglegentia
323 1734 458 1812 superat.
492 1749 563 1793 nam
586 1748 658 1794 cum
682 1749 717 1793 er
739 1730 824 1794 fonte
857 1729 933 1793 setis
961 1748 1039 1812 puro
1072 1729 1208 1794 hausiss:

86 1838 239 1915 uideatur,
271 1839 376 1901 tamen
407 1836 522 1900 lihrum
546 1836 636 1901 nohis
666 1835 794 1918 rehquit
816 1839 864 1900 tot
886 1836 1006 1900 mendis
1031 1839 1217 1919 scatentem,

88 1946 153 2007 tam
175 1942 285 2010 multia¹
316 1942 436 2007 lacunis
459 1941 642 2018 hisoentem,
667 1960 747 2021 quae
770 1941 895 2022 quidem
919 1960 979 2005 non
1002 1944 1067 2004 tam
1091 1942 1212 2006 ambitu

90 2068 183 2130 quam
214 2042 342 2113 numero
377 2047 516 2131 insignes
549 2050 640 2111 sunt:
675 2049 727 2126 83,
753 2049 790 2123 7;
829 2049 880 2127 84,
906 2050 944 2123 8;
987 2048 1123 2126 84,17;
1163 2051 1216 2128 85,

93 2156 153 2230 25;
188 2154 240 2231 87,
271 2156 308 2230 2;
343 2155 395 2231 89,
426 2155 454 2217 9.
486 2154 544 2229 17;
578 2156 630 2232 90,
661 2156 719 2229 24;
749 2155 800 2229 91,
826 2155 890 2228 25;Ι
914 2155 967 2231 92,
991 2155 1042 2216 21.
1071 2156 1131 2228 26;
1164 2157 1217 2233 93,

91 2263 150 2334 20;
184 2260 236 2337 96,
260 2262 298 2337 4;
332 2262 449 2338 97,16
482 2263 521 2326 61.
555 2261 610 2326 sed
640 2263 754 2345 relegit
783 2261 837 2326 ille
870 2263 953 2344 quod
985 2263 1152 2345 scripserat
1184 2265 1216 2327 61

90 2369 199 2449 quater
222 2367 296 2445 104,
322 2368 380 2443 163
402 2369 474 2446 107,
495 2370 532 2443 8;
553 2369 605 2443 93,
626 2369 685 2443 27;
708 2370 779 2447 101,
800 2370 840 2431 26
861 2369 1028 2452 genuinam
1046 2368 1214 2434 lectionem

90 2472 240 2536 restituit.
272 2473 353 2538 alius
384 2494 496 2539 manus
529 2474 746 2540 emendatricis
778 2475 914 2558 uestigia
947 2475 1218 2558 deprehenduntur

89 2578 185 2642 nulla.
226 2580 325 2643 semel
363 2583 478 2645 ‘necne’
515 2581 587 2645 uoci
624 2583 787 2645 accentum
824 2581 944 2645 addidit
972 2583 1024 2659 99,
1050 2585 1080 2659 5,
1113 2588 1217 2664 capue,

91 2702 168 2766 quae
200 2685 342 2750 codicum
375 2687 517 2751 eiusdem
540 2687 652 2750 aetatis
674 2688 799 2769 propria
822 2706 891 2752 esse
915 2689 1027 2765 solent,
1053 2707 1090 2752 ea
1113 2688 1216 2754 onmia

90 2789 142 2854 hic
164 2807 289 2870 quoque
312 2810 384 2872 prae
408 2810 442 2855 se
465 2791 533 2858 1611.
557 2793 602 2855 116
624 2793 740 2857 formae
764 2794 886 2870 michi,
919 2794 1038 2858 nichil
1069 2795 1217 2878 uulgares

90 2898 176 2972 sunt,
202 2914 217 2958 6
241 2896 359 2976 ubique
391 2916 426 2960 ae
458 2897 528 2961 uice
559 2898 710 2981 fungitur,
744 2919 780 2965 oe
802 2919 857 2981 per
880 2919 916 2964 ac
938 2900 1088 2978 redditur,
1112 2901 1122 2964 i
1147 2904 1217 2965 ete

91 3001 216 3065 uocales
248 3005 473 3082 permutantur.
507 3003 653 3086 aspiratio
686 3008 792 3070 contra
823 3005 976 3070 usitatum
1007 3025 1126 3071 morem
1164 3008 1219 3072 aut

92 3105 267 3170 admittitur
298 3109 353 3170 aut
383 3109 569 3192 neglegitur.
604 3111 839 3175 consonantium
872 3116 887 3175 t
918 3115 950 3176 et
982 3131 999 3176 c
1030 3115 1215 3197 plerumque

92 3211 333 3277 confunduntur.
366 3214 397 3276 in
428 3216 521 3280 rebus
554 3218 802 3301 orthographicis
834 3238 895 3284 non
926 3222 1050 3284 tantum
1084 3222 1121 3284 ab
1153 3241 1216 3286 usu

91 3318 165 3382 trito
198 3318 350 3383 abhorret.
383 3322 505 3386 bonitas
539 3323 606 3390 eius
639 3327 743 3388 autem
771 3344 806 3390 eo
830 3326 1016 3405 continetur,
1041 3327 1123 3409 quod
1148 3329 1215 3392 eius

92 3441 149 3505 ope
177 3424 294 3502 turbas,
327 3445 405 3507 quae
428 3427 459 3491 in
482 3430 508 3491 B
533 3429 638 3494 codice
672 3431 821 3494 conflatae
854 3435 937 3509 sunt,
970 3432 1056 3497 facili
1088 3434 1214 3517 negotio

94 3528 245 3611 explicare
268 3530 352 3594 licet.

138 3633 240 3699 Codex
271 3637 463 3704 Parisinus
495 3660 622 3705 numero
660 3644 744 3706 2093
782 3643 924 3727 signatus
961 3647 1215 3711 membranaceus
1244 3641 1268 3705 P

92 3740 312 3807 miscellaneus
334 3743 434 3808 forma
455 3765 568 3831 magna
590 3747 735 3812 foliorum
756 3752 817 3814 196
837 3752 962 3816 saeculo
981 3753 1057 3816 Xlll
1076 3759 1218 3817 exaratus

95 3849 152 3910 est.
186 3847 224 3910 ad
256 3849 324 3913 cius
357 3851 509 3935 originem
541 3856 573 3916 et
603 3853 804 3936 migrationes
837 3860 980 3938 spectant
1012 3877 1090 3938 quae
1118 3859 1172 3925 fol.
1200 3864 1214 3925 l

94 3951 242 4016 adnotata
265 3959 355 4019 sunt:
389 3959 431 4020 84
453 3957 543 4021 Alme
565 3958 681 4022 ecclesie
702 3948 749 4023 a&
768 3963 897 4027 uurcudi
920 3966 954 4027 e'u
971 3964 1090 4044 pabula
1107 3970 1220 4045 spectat

92 4054 142 4119 hic
172 4056 249 4120 liter
279 4061 332 4138 qul
362 4060 555 4145 Augustinus
585 4058 764 4144 appelletur.
792 4089 886 4136 uersu
909 4071 1047 4153 proximo
1072 4072 1218 4136 offertur:

98 4159 200 4226 Oodca
232 4163 573 4234 Teurauameuru
605 4172 668 4235 230
701 4171 815 4256 Regius
838 4178 924 4241 3633
940 4179 983 4240 ,3
1017 4181 1049 4241 61
1083 4184 1218 4244 extremo

1114 4300 1149 4353 b*
