2940 4628
233 269 382 334 LXXfflI
485 337 486 340 Ἴ
694 265 909 321 Praelatio.
997 332 999 336 Α

232 461 370 536 rectione,
395 459 541 537 libidiue;
569 460 690 540 diceret,
717 460 876 536 reducetur,
905 463 1012 526 eontra
1039 460 1160 539 luctum,
1182 461 1236 525 sed
1257 462 1297 525 al.
1322 460 1360 525 de

232 585 351 650 genere*
381 566 620 650 orthographico
657 568 718 632 hoc
753 567 921 652 adiungam
957 566 1215 632 assimilationem
1253 585 1360 632 conso·

232 671 374 736 nantium
397 691 475 753 quas
500 672 615 737 dicitur
638 673 778 738 codicem
807 671 839 734 V
856 673 1022 757 aspamari.

180 757 206 822 P
278 776 381 845 Codex
402 779 598 845 Parisinus
621 798 750 845 numero
774 780 858 843 2077
883 777 972 865 (olim
996 780 1060 844 939
1083 777 1199 861 Repius
1222 778 1360 865 37715)

232 885 300 951 eius
336 885 546 952 bibliothecae
583 885 753 969 insignitus
784 886 1039 952 membranaceus
1070 885 1292 951 miscellaneus
1327 886 1360 951 in

95 977 100 984 ’
232 993 266 1055 4⁰
290 1010 372 1058 saec.
395 991 441 1056 XI
463 992 540 1057 folia
565 993 627 1058 199
650 993 755 1057 habet.
780 992 818 1057 dc
840 991 901 1057 fidc
924 1011 1003 1076 opus
1030 992 1107 1057 folia
1129 990 1286 1056 38⁸-45b
1310 1010 1361 1057 oc·

231 1099 326 1180 cupat
348 1097 428 1163 hanc
451 1098 688 1182 inscriptionem
711 1117 784 1182 prae
807 1117 841 1164 se
863 1097 984 1163 ferens:
1008 1096 1145 1179 Explicit
1165 1098 1201 1161 iu
1223 1083 1283 1161 duo
1304 1090 1361 1162 to‘u

229 1189 289 1283 xpo
311 1203 376 1284 lilio
399 1203 448 1269 deu·
471 1207 620 1269 uectatus
642 1205 754 1269 aurelii
775 1205 933 1286 aupusto'ui
960 1203 997 1268 de
1023 1204 1083 1285 pide
1106 1202 1260 1302 eatboJc'oo.
1283 1204 1361 1267 tuci·

223 1310 277 1388 pit
306 1309 455 1375 aduersu
489 1309 678 1378 Mauuueos.
710 1315 814 1375 uirum
842 1311 984 1375 eiusdem.
1017 1315 1122 1374 uirum
1145 1309 1197 1375 Su·
1218 1308 1358 1374 lbuuodo'i

229 1414 400 1496 ipucrutur.
424 1415 475 1480 hic
498 1416 577 1480 liber
600 1419 702 1481 scatet
729 1415 830 1481 omnis
857 1414 979 1500 generis
1006 1415 1218 1494 barbarismis,
1242 1415 1299 1480 sed
1321 1433 1357 1480 eo

229 1519 306 1599 illis,
330 1540 409 1603 quos
433 1522 674 1606 suprascripsi,
698 1524 847 1607 praestat,
871 1521 955 1604 quod
980 1521 1105 1603 plenam
1132 1520 1268 1586 auctoris
1292 1538 1358 1586 ora·

229 1626 349 1692 tionem
365 1631 541 1694 conseruat.
555 1629 755 1713 proximeque
769 1629 891 1694 accedit
909 1627 948 1692 ad
965 1630 1086 1693 textum
1105 1627 1206 1711 qualis
1221 1626 1359 1692 editione

229 1733 391 1817 Migniana
421 1738 681 1818 repraesentatur.
715 1735 810 1803 codex
842 1735 978 1818 scriptus
1001 1736 1051 1799 est
1072 1735 1111 1799 ab
1133 1752 1196 1798 uno
1219 1733 1357 1811 librario,

230 1842 388 1905 correctus
426 1843 532 1906 autem
566 1844 714 1924 quattuor
748 1843 871 1905 tantum
901 1839 981 1906 locis
1018 1840 1079 1904 alia
1114 1858 1218 1905 manu.
1256 1857 1357 1921 neque

228 1945 350 2012 lacunis
378 1949 515 2012 multum
543 1948 732 2031 depracatus
760 1950 826 2023 cst;
855 1965 926 2011 uam
954 1965 1016 2011 uno
1044 1947 1114 2011 loco
1138 1946 1278 2027 excepto,
1301 1943 1357 2017 ubi

228 2053 296 2116 tota
333 2035 493 2118 ¹sententia
531 2053 701 2132 intercidit,
743 2054 939 2137 singulorum
980 2051 1207 2116 uocabulorum
1243 2049 1355 2115 damno
1388 2059 1390 2064 ’

227 2157 360 2225 laborat.
388 2159 420 2223 in
449 2159 630 2225 dirimendis
659 2178 782 2242 quoque
810 2158 940 2243 syllabis
968 2159 1001 2222 et
1022 2157 1155 2222 uocibus
1179 2157 1254 2221 sunt
1276 2173 1356 2238 quae

222 2262 328 2345 prima
344 2283 457 2330 manus
476 2268 588 2330 contra
600 2284 709 2330 sanam
726 2264 879 2330 rationem
897 2263 1060 2328 admittat:
1080 2261 1227 2325 toutuude
1244 2260 1352 2340 uuus,
1380 2265 1382 2268 ’

228 2369 355 2453 saepius
379 2371 516 2454 syllabas
541 2373 732 2438 commutat:
756 2370 1049 2435 coutumeliam
1072 2387 1144 2433 cum
1168 2385 1263 2450 supra
1284 2367 1352 2431 bar-

226 2459 364 2541 barizare
377 2476 494 2541 librum
509 2476 829 2555 commemorauerim,
843 2495 944 2561 pauca
957 2475 1037 2541 libet
1049 2474 1162 2540 addere
1176 2474 1214 2538 de
1232 2473 1352 2538 ratione

226 2580 410 2647 mendorum
442 2602 522 2665 quae
552 2583 689 2648 traxerit.
721 2585 815 2665 atque
846 2586 969 2667 praeter
989 2582 1070 2647 uitia
1091 2580 1270 2646 eommunia
1291 2580 1351 2645 hoc

226 2688 331 2768 habet,
346 2692 384 2753 ut
402 2689 542 2754 omnium
560 2708 640 2772 quos
658 2689 725 2754 uidi
744 2689 887 2755 codicum
899 2690 979 2754 mira
992 2688 1168 2754 constantia
1184 2688 1196 2752 i
1213 2687 1352 2751 litteram
1414 2743 1416 2746 ,

98 2806 100 2810 ’
226 2813 281 2877 pro
304 2814 326 2879 g
348 2795 501 2874 exhibeat,
525 2795 746 2878 aspirationem
769 2814 893 2861 summa
920 2795 1049 2861 libidine
1071 2796 1124 2860 uel
1146 2794 1275 2876 respuat
1296 2791 1353 2855 ubi

223 2900 300 2982 poni
322 2900 434 2965 debeat
455 2901 508 2965 uel
532 2901 587 2965 ubi
607 2901 714 2966 locum
732 2921 794 2968 non
817 2901 911 2966 habet
933 2903 1038 2984 ponat.
1062 2900 1147 2983 quod
1169 2916 1265 2980 quam
1286 2899 1350 2963 late

225 3008 359 3090 uagetur
390 3025 558 3089 eorumque
590 3007 741 3073 uitiorum
772 3026 872 3092 genus
904 3006 1055 3090 origoque
1089 3004 1185 3071 simul
1214 3007 1253 3068 ut·
1281 3023 1350 3087 per-

226 3111 377 3194 spiciatur
398 3113 476 3177 baec
498 3131 578 3196 quae
600 3113 645 3177 ibi
666 3114 817 3198 leguntur
837 3112 870 3176 in
894 3113 1065 3194 conspectu
1087 3129 1220 3194 ponam:
1247 3110 1348 3184 uoto,

223 3217 345 3294 tacitus,
368 3217 550 3300 uepleieutie,
568 3219 675 3297 uuest,
693 3218 843 3293 ieuituliu,
862 3216 1063 3292 iutelliiautes,
1085 3217 1225 3291 umiuus,
1248 3215 1349 3280 indul

145 3398 147 3402 y
223 3322 328 3399 leutio,
351 3325 583 3389 tutemesu'mus.
616 3325 710 3390 etiarn
740 3325 842 3410 magis
873 3323 993 3389 librarii
1018 3323 1177 3388 inscitiam
1199 3321 1348 3405 aspiratio

223 3449 370 3513 peruerse
392 3433 544 3515 usurpata
566 3434 695 3516 arguet:
716 3429 990 3507 tubucccssobo'lcu,
1013 3429 1101 3508 berit,
1132 3427 1271 3509 potierit,
1294 3427 1350 3491 bu»

223 3539 336 3618 troque,
372 3536 554 3613 buuotorem,
591 3538 797 3618 huncquoque,
833 3535 1022 3610 bosteudeur,
1057 3535 1241 3616 bueubiuui,
1277 3555 1349 3616 quo-

221 3640 320 3706 autu
343 3643 418 3721 952,
444 3645 495 3722 18,
518 3643 641 3724 histum,
663 3643 827 3718 arumnis,
855 3640 1050 3716 buoccuduut,
1076 3633 1255 3716 milone,
1282 3640 1347 3717 buu,

221 3747 336 3829 bomui,
359 3749 492 3830 tutique,
515 3751 667 3825 tautum,
690 3748 851 3827 hoccidere,
873 3747 920 3823 be,
943 3747 1115 3822 beccum
1133 3746 1192 3822 bd,
1210 3747 1348 3812 botrum·

221 3874 286 3934 que,
313 3855 459 3931 lacubus
489 3855 639 3930 luctum,
665 3855 763 3930 bodio,
790 3853 949 3931 mutuatu,
981 3854 1148 3929 buuimum,
1179 3851 1346 3928 lurdo’uem,

219 3960 339 4040 toute,
356 3962 471 4037 'beatu
499 3961 622 4038 laubaca,
654 3962 788 4036 buuitce,
819 3960 1007 4036 iuudbibilsb,
1030 3959 1145 4028 abusu
1166 3959 1245 4027 alia:
1269 3959 1345 4034 obet,

220 4066 325 4143 obitui,
353 4069 477 4143 tesauri,
505 4068 633 4144 arriduit,
665 4067 791 4144 addai,
819 4067 893 4143 odic,
926 4066 1087 4142 abitaculu
1119 4086 1218 4140 urum,
1251 4065 1345 4141 obitu

220 4192 321 4236 urere
344 4175 383 4240 al.
409 4193 482 4239 sane
505 4175 582 4238 haec
603 4174 778 4240 leuideusia
800 4177 875 4240 sunt
897 4177 1025 4256 atquae
1044 4174 1199 4238 nemiuem
1217 4191 1345 4256 magno-
