2940 4628
243 259 306 323 872
447 341 451 350 Ι
589 254 615 310 S.
643 254 777 309 Aureli
803 255 1018 325 Augusti-ni

243 449 456 530 intellegatur,
485 451 589 532 aperte
618 449 693 512 alibi
720 445 813 515 dicit:
846 451 1047 515 secundum
1075 452 1279 535 principem
1306 473 1363 536 po·

242 555 401 620 testatis
425 554 521 619 aeris
545 555 672 634 buius,
701 555 763 638 qui
790 560 1088 640 praeoperatur
1113 558 1149 621 in
1177 558 1274 624 filiis
1298 558 1361 623 dif-

245 661 438 726 fidentiae.

290 769 342 833 34.
375 767 456 832 Item
489 767 564 849 quia
592 769 757 850 peccatum
788 769 841 832 uel
872 763 1020 851 iniquitas
1051 788 1113 834 non
1139 772 1187 835 est
1214 772 1372 854 appetitio·

244 870 424 938 naturarum
447 873 609 952 malarum,
634 873 690 938 sed
713 873 846 938 desertio
868 873 1044 952 meliorum,
1069 875 1114 940 sic
1140 875 1172 939 in
1202 876 1363 960 scripturis
1394 891 1407 938 c

242 980 403 1045 inuenitur
425 979 598 1061 scriptum:
631 979 748 1044 omnis
772 981 941 1044 ereatura
964 980 1022 1044 dei
1044 979 1139 1052 bona
1162 983 1227 1060 est,
1252 1000 1287 1046 ao
1309 1002 1364 1065 per

242 1085 302 1167 boc
325 1088 357 1150 et
380 1104 470 1150 omne
492 1085 625 1172 lignum,
645 1086 727 1166 quod
749 1085 781 1149 in
803 1085 944 1168 paradiso
968 1086 1045 1151 deus
1067 1087 1231 1170 plantauit,
1254 1088 1363 1171 utique

242 1193 359 1257 bonum
388 1193 539 1278 estnon
567 1209 640 1274 ergo
667 1191 782 1255 malam
808 1196 950 1256 naturam
976 1191 1069 1256 bomo
1100 1193 1262 1276 appetiuit,
1291 1213 1362 1258 cum

243 1298 384 1363 arborem
408 1297 540 1362 uetitum
563 1297 678 1381 tetigit,
702 1296 758 1362 sed
779 1295 822 1376 id,
846 1297 929 1379 quod
950 1297 1065 1362 melius
1089 1300 1163 1376 erat,
1193 1299 1361 1365 deserendo

242 1404 360 1468 factum
391 1403 510 1468 malum
536 1402 605 1485 ipse
633 1402 798 1468 commisit.
830 1401 942 1468 melior
973 1403 1086 1486 quippe
1118 1406 1238 1469 creator
1269 1424 1361 1486 quam
1382 1425 1407 1465 rc

243 1510 309 1573 ulla
331 1512 483 1588 creatura,
511 1527 604 1590 quam
617 1507 787 1600 condidit:
821 1508 911 1573 cuius
937 1508 1102 1592 imperium
1129 1529 1190 1574 non
1218 1513 1284 1574 erat
1310 1511 1361 1575 de-

242 1615 418 1695 serendum,
441 1617 479 1680 ut
500 1607 681 1699 tangeretur
697 1613 889 1697 prohibitum
908 1614 1051 1695 quamuis
1068 1615 1196 1694 bonum,
1216 1617 1360 1699 quoniam

243 1721 365 1786 deserte
397 1720 526 1802 meliore
557 1721 674 1785 bonum
706 1722 863 1784 creaturae
895 1721 1108 1802 appetebatur,
1141 1721 1224 1804 quod
1255 1724 1361 1786 eontra

242 1826 389 1892 creatoris
402 1826 566 1910 imperium
580 1826 774 1909 tangebatur.
793 1844 854 1890 non
867 1824 972 1908 itaque
992 1825 1069 1890 dens
1087 1826 1227 1891 arborem
1244 1826 1360 1890 malam

240 1932 273 1997 in
295 1929 439 2015 paradiso
462 1933 667 2015 plantauerat,
696 1930 751 1996 sed
776 1930 844 2014 ipse
873 1932 939 1995 erat
960 1932 1081 2010 melior,
1105 1932 1159 2014 qui
1182 1950 1249 1996 earn
1272 1933 1360 2016 tangi
1378 1951 1402 1993 re

240 2038 433 2122 prohibebat.

284 2148 336 2211 35.
374 2144 423 2208 Ad
454 2144 514 2209 boc
546 2143 627 2208 enim
660 2149 691 2208 et
721 2143 930 2225 prohibuerat,
960 2145 997 2206 ut
1028 2143 1205 2209 ostenderet
1236 2144 1356 2208 animae

242 2249 403 2317 rationalis
430 2253 572 2314 naturam
600 2269 664 2315 non·
686 2249 719 2313 in
746 2250 998 2332 nepotesue,
1028 2249 1083 2314 sed
1115 2249 1172 2315 deo
1201 2249 1359 2314 subditam

214 2408 216 2413 .
242 2376 311 2422 esse
335 2356 446 2421 debere
470 2357 503 2419 et
525 2354 663 2420 ordinem
687 2372 761 2418 suae
784 2353 896 2418 salutis
918 2372 973 2437 per
1000 2352 1227 2430 oboedientiam
1255 2356 1358 2419 custo·

241 2462 316 2540 dire,
339 2481 395 2545 per
415 2459 677 2526 inoboedientiam
700 2478 904 2542 corrumpere.
936 2459 1008 2525 hine
1032 2462 1064 2525 et
1086 2460 1235 2537 arborem,
1265 2478 1358 2541 quam
1376 2480 1403 2520 so
1442 2460 1444 2465 ’

240 2567 327 2652 tangi
349 2567 462 2652 uetuit,
486 2565 532 2631 sic
561 2565 732 2647 appellauit
762 2563 1035 2641 ,dinoscentiae
1063 2565 1148 2630 boni
1176 2568 1214 2630 et
1237 2565 1353 2643 mali,“

240 2672 313 2756 quia
336 2690 408 2737 cum
430 2689 498 2736 eam
522 2672 628 2736 contra
654 2670 797 2734 uetitum
815 2669 983 2753 tetigisset,
1012 2670 1199 2754 experiretur
1224 2689 1357 2754 poenam

239 2778 360 2863 peccati
383 2780 416 2842 et
438 2795 473 2841 eo
496 2776 589 2841 modo
613 2775 795 2852 moereret,
820 2773 894 2856 quid
910 2775 1078 2840 interesset
1094 2775 1176 2841 inter
1193 2775 1357 2842 oboedien-

165 2913 166 2918 .
239 2885 301 2949 tiae
317 2884 441 2949 bonum
464 2884 496 2948 et
517 2881 764 2947 inoboedientiae
785 2880 912 2944 malum.

283 2991 336 3056 36.
368 2989 448 3054 Nam
481 2987 551 3071 quis
578 2987 623 3051 ita
650 2986 792 3069 desipiat,
819 2987 857 3050 ut
883 2985 932 3050 dei
960 2988 1132 3051 creaturam
1160 2986 1293 3051 maxime
1322 2987 1355 3052 in
1375 3010 1401 3050 ae

238 3095 382 3179 paradiso
414 3095 586 3177 plantatam
618 3091 854 3175 uituperandam
885 3095 984 3176 putet,
1018 3092 1269 3174 quandoquidem
1299 3111 1356 3157 nec

239 3202 326 3285 ipsae
350 3201 457 3284 spinae
480 3219 517 3264 ae
538 3199 656 3276 tribuli,
680 3216 758 3281 quos
780 3198 937 3282 peccatori
963 3199 995 3262 in
1021 3198 1126 3262 labore
1153 3197 1356 3263 conterendos

327 3453 339 3506 l
360 3451 455 3522 Ephes.
475 3452 500 3515 2,
519 3450 535 3503 2
567 3481 570 3489 =
589 3449 605 3502 6
623 3449 637 3503 I
655 3448 721 3502 Tim.
738 3449 800 3513 4,4
851 3447 882 3500 21
904 3445 969 3518 Gen.
988 3447 1013 3512 2,
1032 3447 1048 3500 9

274 3618 290 3671 2
307 3617 377 3675 filios
399 3616 480 3672 VG¹b
533 3617 549 3669 5
568 3615 606 3670 sic
626 3611 658 3669 G
705 3615 720 3667 6
739 3613 866 3685 scriptum
885 3617 927 3667 eet
944 3611 1049 3668 SAVG
1067 3612 1105 3666 sic
1123 3613 1250 3683 scriptum
1269 3615 1311 3667 est
1327 3612 1354 3666 L

239 3707 352 3761 8homo
371 3721 421 3762 om.
439 3705 479 3759 Α
528 3703 591 3759 aid
609 3703 702 3783 emat
765 3700 947 3772 11u1121illa
965 3703 992 3753 A
1058 3701 1092 3755 12
1112 3701 1247 3771 qnoniam]
1266 3701 1353 3770 quob

241 3795 273 3850 1a
291 3794 407 3850 bonoG
470 3791 650 3864 15paracyeo
667 3791 725 3847 PV
783 3800 816 3845 en
836 3791 873 3846 0¹
944 3791 977 3844 16
994 3788 1163 3861 prohibebat.
1181 3789 1246 3844 fecit
1263 3804 1352 3842 casum

129 3926 131 3930 .
238 3882 379 3938 illicituA
446 3882 478 3936 17
497 3880 629 3950 ad]aP¹
714 3883 742 3935 et
759 3877 856 3934 emt}
944 3881 1038 3933 natura
1056 3878 1143 3947 anime
1162 3878 1201 3955 b.
1255 3878 1294 3933 ‘21
1314 3876 1353 3930 sic

238 3989 288 4029 om.
307 3972 334 4026 V
401 3967 536 4044 appellent
547 3969 584 4024 1³¹
643 3967 843 4038 dinoscentiae]
857 3967 995 4022 scientiam
1012 3966 1039 4020 V
1089 3967 1122 4019 22
1137 3966 1212 4040 qni'b
1245 3966 1301 4027 Ι24
1315 3965 1353 4035 et]

238 4065 266 4117 et
283 4061 386 4116 interl>
456 4059 490 4114 27
507 4058 611 4130 ipeeG
719 4060 855 4129 peccatore
872 4055 900 4111 P
986 4054 1144 4111 conterendo
1162 4053 1272 4108 PAVG
1291 4070 1352 4107 con·

231 4149 360 4204 terendos
377 4151 401 4213 (s
420 4166 439 4203 c
455 4164 489 4202 m.
508 4152 560 4203 la.
581 4146 652 4216 Μ
