2940 4628
206 271 293 336 LXX
666 271 879 327 Praefatio.

208 463 342 528 candum
360 483 430 530 esse
449 468 482 530 et
498 465 610 530 merito
624 466 799 549 Appendici
816 467 897 532 tomi
909 467 986 533 VIII
998 468 1198 535 inseruerunt
1215 489 1335 555 suoque

207 571 275 635 iure
301 571 325 634 ii
352 571 406 654 qui
432 571 482 637 his
510 571 599 637 annis
627 574 787 660 catalogos
816 574 1024 640 conficiebant
1044 575 1190 641 libellum
1211 570 1359 643 hluodiov

206 677 393 743 tribuerunt.
411 679 474 742 iam
498 697 614 758 eorum,
633 679 692 762 qui,
706 680 743 745 de
763 680 966 764 scriptoribus
985 682 1207 748 ecclesiasticis
1230 685 1333 766 agent,

151 864 152 867 Ἴ
209 783 268 848 erit
281 784 365 849 hunc
382 784 497 850 librum
516 787 553 849 ut
570 786 741 870 genuinum
759 786 872 855 Euodii
885 787 1049 853 Uualensis
1068 807 1146 872 opus
1166 788 1334 868 custodire,

209 889 369 974 egregium
383 891 506 975 generis
525 891 648 956 dicendi
665 891 761 958 huius
775 893 912 958 auctoris
926 897 1169 960 monumentum
1180 895 1333 960 futurum.

210 996 266 1061 sed
287 995 351 1060 iam
374 997 593 1081 aggrediamur
614 998 687 1063 libri
710 999 893 1065 memoriam
917 1018 1067 1066 enarrare.

156 1094 183 1159 P
254 1100 358 1167 Codex
379 1104 600 1169 monasterii
623 1105 746 1170 sancti
767 1105 936 1171 Floriani
953 1127 998 1170 nr.
1020 1106 1061 1171 76
1079 1108 1338 1174 membranaceus·

210 1208 430 1274 miscellansus
453 1212 579 1276 saeculo
597 1212 643 1277 XI
661 1215 803 1303 exaratus
826 1213 987 1279 fasciculis
1005 1213 1240 1297 septemdecIm
1259 1232 1334 1297 quo·

210 1332 280 1378 rum
303 1313 481 1395 quindecim
503 1318 622 1401 priores
647 1320 876 1401 quaterniones,
896 1320 957 1384 duo
969 1320 1164 1403 posteriores
1182 1338 1335 1385 nouorum

209 1419 357 1486 foliorum
381 1426 465 1501 sunt,
488 1425 574 1490 foliis
599 1426 662 1490 140
685 1429 817 1493 constat
843 1425 897 1508 qui
918 1417 1067 1491 numerus
1093 1425 1139 1490 ita
1161 1424 1333 1504 conficitur,

210 1531 248 1590 ut
273 1528 352 1595 duas
381 1530 548 1597 schedulae
575 1533 738 1615 plenorum
764 1532 911 1597 foliorum
937 1532 1008 1596 uide
1034 1531 1213 1616 fungantur.
1242 1550 1334 1614 opus-

212 1634 319 1700 culum
340 1636 395 1702 fol.
419 1638 577 1702 65⁸-79·
599 1639 770 1704 exhibetur.
794 1638 845 1704 hic
867 1639 946 1703 liber
963 1639 1061 1703 uerba
1078 1638 1215 1704 auctoris
1233 1638 1334 1720 puris-

211 1740 291 1805 sima
312 1762 412 1824 neque
429 1745 535 1809 tamen
552 1742 645 1829 plena
661 1745 806 1828 praebet3
830 1744 1045 1810 desiderantur
1062 1744 1145 1809 enim
1163 1744 1222 1810 suh
1240 1744 1334 1809 finem

212 1846 251 1910 ad
273 1866 385 1914 uersus
408 1851 667 1932 quattuordecim.
692 1850 852 1916 confectus
875 1853 925 1915 est
942 1868 961 1914 a
979 1849 1102 1916 dnobus
1119 1849 1265 1929 librariis,
1279 1849 1335 1932 qui

210 1951 243 2016 in
275 1950 438 2021 scribendo
469 1956 515 2020 ita
546 1976 580 2022 se
613 1959 808 2041 exceperunt,
831 1960 868 2021 ut
899 1957 978 2021 alter
1004 1956 1152 2021 foliomm
1175 1954 1333 2021 sou-69³

212 2059 353 2143 sInguIas
375 2062 505 2146 paginas
528 2063 672 2129 uersibus
695 2063 815 2128 uIcenis
838 2063 952 2145 quinis,
975 2063 1054 2127 alter
1075 2061 1213 2143 reliquae
1235 2061 1334 2144 partis

211 2164 341 2250 paginas
372 2167 465 2234 lineis
496 2169 616 2235 nicenis
648 2170 731 2235 senis
763 2168 908 2252 expleret.
939 2168 1101 2252 inscriptio
1125 2164 1243 2234 omissa
1265 2170 1331 2243 est;

212 2267 386 2356 nam'quae
408 2275 495 2340 rubri
517 2275 630 2341 coloris
653 2276 825 2339 atramento
849 2275 1060 2357 superscripta
1082 2276 1174 2339 sunt:
1196 2272 1335 2354 Explicit

212 2381 359 2443 horbruc
389 2379 469 2444 beati
494 2380 663 2463 Augustini
692 2381 729 2444 de
757 2380 818 2461 fide
849 2380 993 2445 catholico
1024 2379 1063 2444 ad
1098 2379 1334 2463 praecedentem

211 2486 377 2569 pertinent.
400 2487 433 2551 iu
455 2488 515 2553 hoc
538 2487 644 2552 codice
667 2486 750 2551 enim
769 2504 805 2552 ea
821 2486 900 2550 ratio
924 2488 1117 2564 obsecuntur,
1135 2487 1174 2550 ut
1189 2485 1333 2551 librarius

212 2593 396 2670 rubricatori
427 2597 562 2659 extremo
594 2593 733 2678 margine
765 2599 798 2657 et
828 2591 1090 2676 subscriptionem
1121 2590 1335 2657 antecedentis

214 2700 360 2782 opusculi
380 2702 414 2764 ct
435 2700 671 2784 inscriptionem
693 2699 831 2784 proxime
855 2699 1014 2781 sequentis
1037 2697 1218 2782 adpinxerit
1236 2696 1336 2761 rubri-

214 2809 301 2871 cator
322 2808 428 2870 autem
452 2824 524 2870 cum
547 2806 808 2889 subscriptionem
828 2804 917 2870 illius
939 2807 1086 2882 exararet,
1109 2805 1188 2868 hanc
1214 2803 1333 2886 passim

214 2911 363 2979 omiserIt.
395 2915 489 2994 atque
520 2913 596 2979 folio
624 2914 666 2978 65
693 2930 787 2977 manu
819 2911 1001 2975 correctorIs
1031 2909 1109 2974 item
1140 2909 1259 2974 saeculi
1289 2908 1335 2973 XI

213 3019 335 3102 aliquot
350 3018 508 3084 uocabula
525 3021 647 3084 exstant
663 3018 739 3083 adeo
759 3017 900 3096 euanida,
915 3019 952 3080 ut
963 3017 1016 3081 uel
1030 3035 1154 3081 summa
1171 3016 1334 3080 oculomm

213 3124 386 3190 intentione
415 3124 482 3208 legi
511 3126 677 3207 nequeant.
705 3124 820 3206 quibus
846 3123 971 3201 adtexta
997 3124 1072 3186 sunt
1093 3122 1188 3188 haec:
1220 3119 1336 3202 Ioccpc't

215 3233 376 3296 ....trrs
393 3233 499 3294 contra
517 3282 525 3297 .
546 3282 553 3295 .
574 3279 582 3295 .
602 3279 610 3294 .
629 3249 686 3294 cos.
704 3233 808 3292 stom
825 3228 958 3292 ciuem
974 3231 1078 3291 utrum
1094 3227 1195 3290 saoce
1212 3226 1335 3290 ecuoda'c'

150 3356 151 3359 ¹
214 3339 384 3420 gemam.
412 3338 505 3418 atque
531 3336 632 3420 priore
658 3336 728 3400 loco
755 3334 941 3400 lacunosum
968 3337 1016 3398 tus
1038 3333 1070 3397 in
1093 3335 1240 3396 omaus
1262 3351 1335 3415 sup-

215 3442 365 3528 plendum
396 3461 466 3508 osse
497 3461 588 3508 nemo
620 3444 670 3506 est
700 3440 754 3525 qui
785 3441 934 3523 ambigat.
967 3438 1104 3504 secundo
1131 3438 1201 3503 Ioco
1229 3440 1335 3502 autem

216 3552 324 3615 contra
344 3547 526 3613 Manicheos
556 3547 726 3631 legendum
757 3565 826 3612 esse
858 3565 930 3611 cum
951 3545 1163 3609 Parisinorum
1191 3543 1335 3608 codicum

217 3655 445 3739 comparatione
463 3655 531 3718 turn
550 3672 586 3718 ea
602 3672 636 3718 re
655 3653 818 3731 eulncitun
833 3651 918 3734 quod
933 3650 1190 3716 bibliothecarius
1209 3649 1336 3734 quidam

217 3761 336 3827 saeculi
353 3761 446 3827 XIIII
460 3759 494 3824 in
512 3759 613 3824 fronte
631 3757 805 3843 tegumenti
823 3757 1006 3823 schedulam
1025 3755 1235 3841 adglutinabit
1251 3756 1337 3822 huno

216 3867 351 3932 indicem
366 3867 579 3932 exhibentem:
597 3863 675 3929 Ihm
690 3864 747 3949 (sic
757 3864 781 3947 1)
798 3866 904 3927 contra
922 3861 1110 3929 Manicbeos.
1126 3861 1212 3926 Idem
1230 3865 1337 3926 rocha

218 3972 396 4037 Mammam
418 3973 587 4053 eptsmpum
609 3973 799 4048 arianorum,
822 3988 901 4052 quae
924 3988 1017 4052 opera
1035 3969 1130 4033 etiam
1152 3968 1201 4034 bis
1225 3967 1335 4033 diebus

216 4079 325 4146 codice
356 4079 561 4145 continentur.
585 4078 773 4161 subscriptio
797 4095 920 4159 quoque
943 4095 1014 4141 cnm
1037 4094 1056 4139 a
1076 4075 1266 4140 rubricatore
1294 4073 1337 4140 sit

216 4186 363 4271 neglecta
386 4203 486 4266 neque
509 4183 663 4249 uocabula
685 4202 704 4246 a
724 4182 849 4247 librario
871 4181 904 4245 in
925 4181 1063 4267 margIne
1087 4180 1230 4264 apposita
1247 4180 1337 4244 extri-
