2940 4628
384 289 442 344 VII.
466 288 608 345 (lontra
629 290 798 344 Felicem
819 290 884 345 lib.
907 245 961 345 Il.¹
1117 279 1119 281 ¹
1161 293 1225 358 835

103 482 169 547 illic
191 483 332 566 positum
355 483 448 548 deum
470 484 606 548 uirtutes
630 503 703 548 suas
732 487 914 549 conuertere
941 484 973 548 in
1001 484 1161 549 masculos
1189 485 1228 548 ad

102 588 292 655 incitandum
322 589 590 672 concupiscentias
619 589 806 654 daemonum
832 589 1019 655 seminarum
1046 592 1079 654 et
1101 590 1226 657 eosdem

102 713 212 759 rursus
240 699 422 760 conuertere
449 695 480 759 in
508 695 640 761 feminas
668 696 707 759 ad
732 695 924 759 imitandum
958 695 1226 779 concupiscentias

103 799 291 866 daemonum
314 803 536 880 masculorum,
560 804 597 865 ut
620 821 691 867 cum
714 802 884 884 daemoniis
906 802 1040 867 iniciunt
1064 801 1225 867 libidinem

73 907 243 972 succensis
265 908 297 972 in
320 908 436 972 formas
460 907 608 973 confictas
632 908 737 987 adeo,
757 908 932 974 relaxentur
949 909 1090 973 membra
1107 927 1225 987 eorum,

101 1013 202 1078 etsie
225 1013 340 1078 euadat
361 1032 432 1096 pars
456 1013 516 1093 dei,
542 1032 620 1096 quae
642 1015 687 1079 ibi
708 1015 803 1079 fuerit
826 1006 982 1098 colligata.
1015 1014 1076 1079 hoc
1102 1016 1225 1078 tantum

101 1119 312 1200 obprobrium,
350 1119 410 1184 hoc
442 1122 565 1184 tantum
598 1104 797 1204 sacrilegium
829 1121 952 1184 credere
983 1121 1053 1184 ausi
1084 1119 1161 1185 estis
1193 1122 1226 1184 et

99 1225 276 1307 praedicare
299 1245 359 1290 non
384 1226 546 1292 dubitatis.
570 1226 646 1291 haec
676 1228 750 1292 sunt
775 1227 878 1291 media
905 1226 1062 1291 doctrinae
1088 1229 1223 1292 uestrae.

98 1329 170 1394 finis
193 1348 267 1395 uero
291 1330 361 1413 quis
385 1334 458 1395 est?
491 1332 580 1414 quis,
617 1332 679 1396 nisi
706 1332 779 1414 quia
805 1351 866 1396 nou
893 1332 999 1416 potuit
1021 1331 1098 1396 deus
1120 1335 1223 1396 totum

54 1454 81 1494 ro
99 1439 258 1519 purgare?
273 1437 306 1499 et
327 1436 400 1518 quia
422 1456 483 1502 non
506 1437 620 1520 potuit,
644 1437 802 1503 facturum
826 1457 897 1502 eum
920 1437 1025 1503 dicitis
1048 1437 1138 1501 uelut
1159 1439 1223 1500 too-

97 1541 213 1607 torium
237 1542 323 1626 genti
345 1545 554 1622 tenebrarum,
578 1544 616 1608 ut
636 1544 682 1608 ibi
702 1544 735 1610 in
758 1547 919 1608 aeteruum
942 1544 1116 1622 damnetur,
1140 1542 1223 1626 quod

96 1648 224 1732 purgari
246 1667 306 1714 non
330 1649 435 1732 potuit
458 1652 490 1714 et
512 1649 592 1714 nihil
619 1669 676 1715 sua
703 1652 814 1734 sponte
842 1648 1009 1715 commisit.
1040 1649 1087 1713 ita
1111 1649 1158 1728 fit,
1185 1656 1224 1713 ut

23 1794 26 1801 ,
97 1752 175 1818 deus
202 1757 318 1833 uester,
346 1773 407 1819 non
434 1773 540 1834 uerus,
569 1755 625 1820 sed
652 1756 756 1829 fictus,
783 1775 844 1820 non
872 1755 989 1820 alicubi
1018 1754 1220 1833 constitutus,

96 1858 153 1924 sed
183 1859 216 1923 in
248 1859 339 1925 corde
370 1862 477 1926 uestro
508 1860 710 1945 imaginatus,
743 1865 864 1946 partem
897 1879 986 1925 suam
1017 1861 1151 1925 misceat
1175 1860 1221 1924 in-

51 1981 77 2021 n
97 1956 240 2042 feliciter,
272 1967 387 2048 purget
417 1964 560 2048 turpiter,
594 1966 721 2030 damnet
752 1965 928 2030 crudeliter.
967 1965 1007 2028 ad
1036 1966 1114 2029 haec
1146 1984 1219 2049 ergo

93 2070 247 2153 responde
275 2072 308 2134 et
333 2070 437 2152 incipe
465 2071 503 2135 ab
530 2071 597 2151 illo,
627 2072 710 2153 quod
740 2071 821 2135 dixi:
854 2089 949 2153 quare
981 2071 1059 2136 deus
1090 2071 1222 2137 miscuit

92 2177 189 2242 istam
210 2179 330 2261 partem
354 2196 453 2256 suam,
478 2179 529 2242 cui
551 2179 631 2243 nihil
653 2198 764 2243 nocere
786 2181 934 2261 poterat?
966 2180 1021 2242 aut
1049 2177 1077 2242 si
1103 2176 1217 2260 potuit,

94 2282 251 2364 quomodo
275 2269 595 2366 sit'incorruptibilis.

138 2387 168 2453 8.
191 2386 271 2455 Flet.
296 2388 390 2454 dixit:
415 2390 582 2455 Crudelem
606 2391 750 2456 adseritis
774 2390 993 2456 Manichaeum
1014 2390 1092 2453 haec
1116 2388 1218 2453 dicen·

50 2493 179 2568 sotem:
216 2493 254 2557 de
285 2492 408 2560 Christo
441 2496 516 2577 quid
548 2496 696 2573 dicimus,
730 2498 784 2578 qui
815 2496 910 2561 dixit:
946 2496 998 2559 ite
1028 2496 1064 2559 in
1095 2495 1216 2578 ignem

92 2599 305 2662 aeternum?

135 2703 220 2768 AUG.
243 2704 338 2772 dixit:
362 2706 583 2772 Peccatoribus
606 2708 666 2774 hoc
690 2709 776 2773 dixit.
927 2771 928 2776 ,

133 2808 212 2872 FEL.
236 2810 330 2877 dixit:
354 2810 413 2875 Isti
435 2815 616 2895 peccatores
639 2833 734 2896 quare
757 2833 818 2880 non
840 2814 966 2899 purgati
989 2816 1088 2879 sunt?

134 2915 217 2980 Auo.
242 2915 335 2980 dixit:
361 2915 441 2994 Quia
463 2920 641 2984 noluerunt.

45 3036 90 3076 2⁵·
133 3020 213 3086 Flet.
236 3022 330 3086 dixit:
356 3021 437 3100 Quia
459 3025 636 3104 noluerunt,
660 3026 719 3092 hoc
743 3027 874 3093 dixisti?

133 3126 217 3193 AUG.
242 3127 336 3193 dixit:
361 3129 430 3194 Hoc
453 3129 525 3209 dixi,
549 3131 623 3213 quia
645 3132 822 3199 noluerunt.

132 3231 210 3297 FEL.
239 3233 333 3298 dixit:
367 3232 468 3313 Quare
501 3235 696 3302 noluerunt?
729 3240 787 3315 est,
820 3239 961 3320 quinon
988 3238 1060 3302 uult
1086 3237 1212 3302 curari?

89 3338 147 3415 est,
171 3337 225 3421 qui
246 3357 308 3403 non
330 3340 403 3405 uult
419 3341 572 3425 purgari?
596 3347 654 3422 est,
674 3343 808 3426 quinon
826 3344 898 3408 uult
914 3343 1118 3408 inluminari?
1141 3342 1213 3426 quis

86 3440 228 3508 infirmus
252 3447 311 3523 cst,
340 3447 394 3529 qui
421 3466 482 3513 non
512 3449 583 3512 uult
611 3449 650 3514 ad
677 3450 843 3515 sanitatem
870 3450 1003 3515 uenire?
1036 3449 1063 3514 si
1086 3449 1211 3514 crudele

44 3563 71 3603 ω
86 3549 146 3627 est,
179 3550 262 3631 quod
284 3552 487 3618 Manichacus
515 3554 601 3634 dicit,
635 3555 708 3638 quia
739 3555 843 3638 aliqua
873 3574 945 3639 pars
977 3555 1037 3636 dei,
1069 3573 1149 3639 quae
1177 3574 1210 3620 se

174 3737 209 3792 20
225 3739 321 3794 Matth.
340 3741 383 3807 25,
401 3744 434 3796 41

121 3886 393 3958 2concupiscentiam
412 3892 440 3945 P
481 3893 651 3948 lconiciunt
667 3895 695 3951 R
739 3896 893 3950 buccensis
911 3897 951 3951 cd.
969 3898 1082 3954 Maca:
1105 3899 1209 3953 accensi

85 3972 162 4029 ebt
215 3975 367 4032 tfueratb
421 3980 625 4051 'lopprobrium
642 3982 730 4039 TSRb
783 3985 818 4039 10
836 3985 907 4055 eum]
924 3984 1029 4040 nndeb
1083 3987 1117 4040 14
1133 4001 1207 4055 yma·

83 4061 193 4132 priuatus
210 4063 238 4119 R
292 4065 324 4118 15
342 4066 427 4120 hocb
482 4069 514 4122 17
532 4071 621 4124 noceri
637 4071 692 4126 PB
745 4073 779 4127 19
797 4072 872 4145 haec]
891 4072 941 4128 hoc
958 4074 1029 4129 Pleu
1083 4074 1117 4128 29
1136 4072 1209 4128 saui-

83 4149 177 4246 tutcm]
196 4151 310 4207 salntem
327 4154 381 4209 PR
434 4156 468 4209 30
486 4156 554 4211 dixit
570 4157 662 4214 Psec
