2940 4628
658 258 875 314 Praefatio.

617 512 623 524 ,
725 451 811 516 VHI.

574 557 628 621 DE
656 556 827 623 NATURA
849 557 961 624 BONI.

251 681 354 746 Codex
387 681 648 764 sangallensis
680 702 710 744 n.
737 683 799 746 152
823 683 1080 748 membranaceus
1111 684 1332 752 miscellaneus

207 789 236 852 in
260 788 412 853 4⁰saeculi
434 787 537 865 vnn,
561 787 651 852 cuius
675 787 848 852 accuratior
866 787 1034 871 descriptio
1052 808 1123 873 pag.
1139 789 1184 853 VI
1199 790 1334 856 exhibita

208 896 264 972 est,
285 895 344 959 hoc
363 895 514 978 opusculo
532 895 661 978 paginas
681 895 832 958 77-128
850 894 1018 960 fasciculos
1035 895 1170 977 quinque
1189 899 1331 979 occupat.

194 1004 293 1066 totus
324 1003 477 1065 tractatus
509 1001 548 1065 ab
578 1019 640 1066 uno
671 1000 798 1065 librario
831 1004 972 1065 exaratus
995 1004 1054 1067 est.
1077 1003 1175 1066 uerba
1197 1003 1333 1068 auctoris

210 1107 343 1169 multum
376 1108 513 1171 correcta
544 1108 619 1171 sunt
650 1110 682 1170 et
711 1105 878 1169 maximam
910 1106 1036 1188 quidem
1067 1110 1186 1190 partem
1219 1108 1257 1172 ab
1285 1127 1332 1188 eo,

208 1211 261 1295 qui
293 1211 432 1276 codicem
465 1211 659 1294 conscripsit.
692 1211 743 1275 hic
775 1211 916 1293 singulas
947 1212 1068 1276 litteras
1092 1212 1206 1277 uitiose
1233 1217 1332 1277 trans-

209 1318 339 1401 scriptas
364 1318 552 1396 emendarit,
576 1336 672 1382 uoces
695 1317 777 1381 inter
799 1318 998 1382 scribendum
1022 1319 1154 1383 omissas
1178 1337 1235 1383 suo
1263 1320 1331 1383 loco

208 1427 263 1489 aut
290 1443 383 1507 supra
408 1425 524 1488 lineam
550 1425 692 1507 reposuit
718 1422 830 1488 autin
858 1424 997 1508 margine
1021 1424 1191 1508 suppleuit.
1215 1443 1332 1508 paucae

209 1534 400 1597 correcturae
419 1530 458 1594 ad
476 1530 570 1594 aliam
583 1549 710 1594 manum
725 1530 850 1594 librario
865 1549 926 1595 non
941 1531 1141 1612 coaequalem
1156 1530 1333 1595 referendae

209 1640 291 1702 sunt.
325 1637 420 1702 codex
443 1635 656 1720 Sangallensis
687 1637 816 1719 probam
845 1635 1029 1719 scripturam
1053 1656 1184 1720 eamque
1215 1637 1332 1721 plenis-

208 1744 320 1808 simam
353 1745 536 1819 conseruat3
573 1761 645 1806 nam
676 1762 739 1807 uno
770 1744 895 1806 tantum
931 1742 1000 1808 loco
1037 1743 1149 1808 lacuna
1186 1745 1334 1825 quattuor

207 1849 431 1914 uocabulorum
454 1847 584 1913 laborat.
604 1847 753 1912 derebus
773 1847 811 1910 ad
829 1847 1082 1930 orthographiam
1105 1847 1333 1930 pertinentibus

208 1954 339 2036 aliisque
362 1953 494 2031 mendis,
514 1970 593 2034 quae
617 1951 855 2016 consonantium
870 1953 906 2014 et
922 1951 1081 2016 uocalium
1104 1952 1333 2035 permutatione

208 2061 415 2138 continentur,
437 2078 509 2144 pag.
534 2059 579 2123 VI
601 2057 759 2141 copiosius
784 2058 978 2141 disputatum
1002 2061 1060 2122 est.

155 2170 182 2232 P
251 2166 353 2233 Codex
375 2165 572 2229 Parisinus
595 2184 624 2227 n.
646 2164 754 2228 13360
779 2163 854 2228 olim
878 2163 1118 2228 Corbeiensis
1140 2165 1333 2229 membrana-

209 2291 283 2336 ceus
306 2271 526 2335 miscellaneus
548 2269 580 2333 iu
604 2271 638 2334 4ο
662 2271 787 2334 saeculo
811 2270 903 2333 VIIII
929 2289 985 2352 per
1007 2272 1169 2335 extensum
1197 2271 1332 2352 scriptus

207 2377 285 2442 folia
307 2377 348 2440 93
371 2376 539 2440 fasciculos
566 2377 604 2438 12
627 2376 731 2439 habet.
756 2378 806 2439 est
826 2375 921 2454 idem,
945 2376 1000 2456 qui
1032 2375 1070 2439 de
1101 2376 1241 2440 utilitate
1270 2395 1333 2440 cre-

210 2483 301 2548 dendi
331 2483 446 2547 librum
479 2482 618 2547 continet
649 2485 681 2545 et
711 2481 912 2565 integriorem
944 2481 1071 2563 quidem
1108 2500 1202 2563 quam
1238 2482 1333 2546 huius

210 2589 363 2672 opusculi,
379 2588 462 2671 quod
475 2588 551 2652 folia
562 2587 717 2654 70·-.-89”
727 2588 971 2672 comprehendit.
981 2587 1201 2652 retractatione
1212 2590 1334 2672 septem

209 2715 359 2760 uersuum
390 2694 562 2779 praemissa
593 2695 692 2761 oratio
723 2695 777 2760 fol.
812 2693 867 2759 70b
891 2713 963 2758 cum
990 2694 1082 2758 tertio
1106 2713 1201 2758 uersu
1223 2694 1334 2777 incipit

208 2803 304 2868 titulo
328 2801 413 2866 ‘liter
432 2785 477 2866 aa
498 2780 572 2885 Aa}
592 2801 629 2865 dc
651 2804 767 2864 cature
789 2800 867 2865 bear
890 2801 923 2864 in
954 2800 1093 2883 margine
1125 2801 1272 2883 apposito¹
1298 2803 1335 2864 'et

172 2900 177 2907 ·
211 2907 417 2973 suasorium
438 2908 488 2972 na
510 2907 617 2972 ueros
640 2907 695 2971 for.
720 2905 775 2971 eob
794 2905 932 2987 nepam
954 2887 1335 2990 caelaratcelarat

209 3017 324 3077 acturo
353 3013 431 3078 boni.
464 3012 542 3078 Item
572 3013 705 3077 maedam
736 3013 774 3077 de
808 3016 871 3076 ocio
907 3012 1133 3092 quaestionibus
1168 3032 1205 3076 ec
1239 3013 1336 3075 ueteri

210 3122 402 3186 uelamento&
422 3121 499 3185 haec
516 3139 588 3203 pars
607 3119 725 3185 codicis
743 3119 969 3184 recentioribus
988 3119 1181 3203 tegumentis
1198 3117 1333 3183 inuolut'

209 3245 273 3290 una
294 3244 389 3290 manu
413 3228 534 3290 exarata
555 3226 678 3290 lacunis
701 3225 906 3308 amplioribus
930 3228 1024 3303 caret,
1047 3220 1099 3288 hic
1120 3224 1187 3288 illic
1211 3224 1336 3308 singula

210 3332 365 3397 uocabula
396 3331 622 3396 desiderantur.
654 3332 764 3409 multa,
798 3350 877 3413 quae
908 3331 1100 3414 relegentem
1132 3329 1335 3406 offenderunt,

210 3437 256 3501 ita
279 3440 419 3503 correcta
441 3440 525 3515 sunt,
548 3440 586 3501 ut
608 3427 802 3502 abundantes
822 3437 948 3500 'litterae
972 3438 1152 3519 expunctae,
1172 3453 1266 3517 super
1288 3453 1335 3497 ex-

210 3546 344 3627 punctas
375 3562 538 3627 peruersas
570 3544 686 3626 probae
710 3543 949 3626 superscriptae,
974 3543 1109 3607 omissae
1135 3542 1260 3605 litterae
1283 3540 1337 3605 uel

210 3668 306 3714 uoces
338 3649 462 3714 additae
494 3648 567 3716 sint.
591 3651 713 3731 praeter
745 3668 829 3727 eum,
853 3648 907 3730 qui
939 3647 1080 3712 codicem
1112 3646 1247 3729 scripsit,
1276 3646 1337 3710 alia

212 3775 323 3820 manus
345 3773 401 3839 per
422 3756 526 3820 totum
549 3755 724 3839 tractatum
742 3756 885 3838 grassata
908 3755 965 3818 est.
990 3772 1026 3818 ac
1052 3753 1187 3836 plurimu
1210 3752 1336 3834 quidem

213 3862 317 3925 dextre
347 3861 404 3925 illa
433 3861 583 3926 restituit.
618 3864 693 3925 sunt
724 3863 830 3924 autem
863 3859 957 3924 etiam
988 3859 1100 3938 multa,
1124 3877 1203 3940 quae
1229 3859 1262 3921 in
1286 3857 1337 3921 da·

212 3967 359 4031 teriorem
381 3971 501 4050 partem
525 3967 699 4032 correxerit.
723 3967 755 4030 in
778 3966 961 4030 uniuersum
992 3965 1146 4032 iudicanti
1175 3964 1256 4028 liber
1277 3963 1337 4028 hoc

213 4073 317 4150 habet,
349 4075 387 4137 ut
417 4072 543 4156 saepius
574 4091 670 4138 uoces
702 4090 736 4138 se
769 4072 956 4155 excipientes
992 4071 1097 4154 inepte
1134 4069 1336 4134 dirimantur:

214 4180 288 4256 855,
312 4180 354 4242 25
371 4180 431 4260 'quc‘
453 4178 569 4257 euobra
594 4181 668 4259 858,
690 4180 730 4244 18
753 4197 879 4252 maesse,
905 4179 978 4255 862,
998 4179 1018 4241 6
1041 4177 1109 4240 cati
1130 4175 1336 4269 patrimorum,
