2940 4628
616 254 830 318 Praefatio.
1233 265 1278 328 X]

150 456 383 544 proferendum)
416 458 569 522 uocabula
601 457 699 535 offert,
733 458 785 534 32,
811 458 828 519 5
861 455 900 539 u]
937 477 973 520 uc
1003 475 1064 519 11111
1092 455 1277 538 SPMmeb

156 566 307 631 aeeteris
340 564 460 643 differt,
492 563 525 628 111
557 564 675 641 1117
708 563 812 628 uerbis
845 583 881 627 ex
911 561 1140 627 Retractatione
1172 561 1290 634 ascitis¹

156 671 336 754 interpolati
367 672 441 735 sunt
473 688 590 734 omnes.
624 688 703 751 quae
735 687 807 733 oum
839 670 883 732 ita
915 670 1030 745 essent,
1053 667 1144 731 illum
1168 668 1278 731 ducem

155 778 342 842 fidissimum
374 777 502 840 secutus
533 776 599 838 tam
627 777 712 839 certa
734 777 767 839 et
788 777 859 838 tuta
880 774 933 838 uia
955 793 1026 838 sum
1050 776 1219 857 grassatus,
1244 773 1280 836 ut

156 885 194 947 ab
217 884 277 947 hoc
299 881 502 946 fundamento
526 881 604 944 mihi
625 879 832 945 recedendum
861 899 929 945 esse
957 899 1017 944 non
1043 881 1196 960 putarem,
1219 877 1280 942 nisi

156 989 209 1068 ibi,
233 989 288 1053 ubi
311 987 480 1052 deformem
504 986 658 1069 quandam
683 986 868 1068 scripturam
891 985 1060 1069 procudere
1085 1004 1156 1050 eum
1183 983 1279 1047 mani-

157 1095 275 1159 festum
298 1096 392 1160 esset.
417 1092 622 1169 1111111111,
652 1092 705 1172 qni
731 1091 776 1155 ita
803 1093 909 1156 essent
931 1090 1109 1174 comparati,
1134 1089 1280 1154 1111111-

159 1200 263 1265 monia
286 1199 429 1264 codicum
458 1197 526 1280 SPp
553 1198 701 1262 maiorem
730 1196 883 1279 quandam
910 1196 1051 1260 ueritatis
1084 1196 1230 1278 speciem,
1253 1193 1281 1258 si

157 1306 282 1386 quidem
307 1305 573 1371 continuationem
601 1304 752 1368 sermonis
781 1307 915 1386 spectes,
944 1321 1016 1385 prae
1035 1321 1069 1366 se
1092 1302 1171 1365 ferre
1194 1300 1279 1364 uide-

152 1414 272 1488 rentur,
295 1412 328 1474 in
355 1411 506 1476 librorum
534 1410 688 1487 dissensu,
718 1408 885 1474 dummodo
912 1407 1081 1473 locutionis
1108 1404 1281 1490 integritati

156 1495 277 1602 integer
294 1508 474 1582 intellectus
492 1516 702 1599 responderet,
724 1514 769 1579 Ch
789 1514 888 1587 codici
907 1515 1062 1579 calculum
1081 1513 1201 1577 adicere
1220 1530 1280 1576 non

157 1644 228 1688 snm
260 1626 423 1688 cunctatus
470 1622 647 1688 continetur
683 1623 786 1685 autem
818 1621 968 1685 librorum
991 1620 1059 1702 SPp
1091 1619 1212 1683 utilitas
1245 1636 1280 1682 eo

157 1730 367 1812 potissimum,
391 1732 428 1793 ut
449 1728 489 1793 iis
512 1729 544 1792 in
576 1727 752 1793 subsidium
785 1727 892 1791 ascitis
924 1728 1054 1791 lacunae
1087 1725 1280 1808 singulorum

157 1855 316 1914 uersuum,
353 1836 467 1918 quibus
506 1834 550 1899 Cb
588 1833 743 1911 foedatur,
782 1833 1033 1898 commodissime
1070 1832 1281 1913 suppleantur.

158 1942 269 2005 horum
295 1940 393 2024 igitur
419 1940 571 2009 codicum,
600 1939 713 2020 quibus
742 1939 871 2003 alteram
897 1938 1121 2021 repraesentari
1150 1924 1281 2001 classem

157 2048 471 2129 supramemoratum
490 2047 547 2121 est,
566 2045 783 2126 inproborum
802 2064 930 2109 numero
949 2044 1083 2108 habendi
1111 2045 1185 2118 sunt
1203 2042 1281 2131 SPp,

158 2152 281 2217 codices
305 2151 400 2215 MVm
433 2153 538 2214 autem
570 2151 631 2214 nisi
662 2150 820 2214 rarissime
848 2151 1033 2231 scripturam
1060 2150 1159 2214 bonae
1182 2148 1282 2231 frugis

160 2259 282 2338 plenam
292 2277 353 2323 non
364 2258 517 2324 exhibent.
529 2258 635 2323 conexi
646 2260 719 2322 sunt
729 2261 834 2322 autem
849 2277 884 2322 eo
895 2257 1135 2343 necessitudinis
1145 2256 1282 2331 uinculo,

160 2367 196 2426 ut
219 2382 311 2427 suum
335 2363 446 2446 cuique
465 2366 625 2445 tamquam
644 2363 773 2448 gradum
792 2365 881 2428 locus
901 2364 1012 2427 natalis
1032 2364 1180 2447 assignet.
1200 2365 1285 2426 stant

162 2469 243 2532 enim
262 2468 299 2531 ab
327 2468 398 2532 unis
423 2469 563 2551 partibus
577 2469 623 2551 Pp
639 2468 801 2546 Gallicani,
819 2470 856 2532 ab
873 2469 977 2533 alteris
991 2468 1112 2534 SMVm
1125 2468 1284 2532 Heluetiei

162 2577 194 2637 et
213 2573 368 2638 Germani.
388 2574 469 2638 inter
486 2574 544 2640 hos
563 2577 678 2652 autem,
699 2594 776 2656 quos
795 2578 952 2656 postremo
972 2575 1041 2639 loco
1059 2574 1160 2656 posui,
1179 2576 1283 2637 tamen

163 2680 218 2745 SM
242 2679 365 2744 codices
390 2683 421 2743 et
448 2680 508 2743 Vm
540 2680 622 2758 libri,
646 2681 769 2744 etiamsi
792 2700 900 2745 omnes
924 2680 1055 2744 eandem
1081 2680 1229 2764 originem
1253 2679 1284 2742 in

161 2785 261 2849 fronte
284 2804 357 2867 prae
381 2805 414 2850 se
437 2786 546 2863 ferant,
571 2786 669 2851 artius
687 2787 768 2850 inter
787 2806 819 2851 se
839 2787 1002 2855 cohaerere
1020 2786 1125 2850 labore
1146 2785 1285 2866 exempla

163 2891 371 2975 congregandi
401 2891 515 2973 quibus
549 2891 758 2957 demonstrem
790 2891 975 2974 supersedeo
1007 2891 1169 2955 remittens
1196 2891 1286 2972 plura

163 2997 389 3062 desideraturos
411 2997 444 3060 in
467 2997 697 3062 adnotationem
721 2998 870 3062 criticam.
891 2997 1021 3078 denique
1041 2997 1100 3061 hoc
1118 2997 1286 3060 tenendum

164 3106 229 3167 est:
261 3103 410 3167 memoria
432 3103 470 3166 de
494 3103 630 3166 utilitate
659 3102 803 3167 credendi
826 3103 897 3166 libri
921 3101 1062 3167 codicum
1087 3100 1202 3183 ChSPp
1225 3100 1285 3164 fide

164 3208 291 3283 nititur;
325 3212 445 3273 ceteros
479 3209 610 3285 excussi,
635 3209 748 3291 quippe
781 3209 834 3290 qui
866 3208 956 3272 facile
989 3207 1141 3291 parabiles
1170 3211 1284 3287 essent,

165 3333 296 3396 quorum
318 3316 422 3378 tamen
445 3314 625 3378 testimonia
646 3315 738 3397 plena
760 3333 810 3378 me
833 3314 865 3377 in
883 3314 1115 3379 adnotationem
1133 3314 1286 3395 recepisse

163 3439 259 3502 paene
284 3423 332 3484 est
355 3439 409 3483 cur
432 3419 565 3485 doleam.

704 3526 744 3589 ll.

476 3633 530 3696 Dll
554 3631 720 3698 DUABUS
743 3631 970 3697 ANIMABUS.

208 3756 348 3834 Codices,
373 3775 503 3838 quorum
525 3756 586 3821 fide
610 3757 648 3821 de
672 3756 794 3820 duabus
823 3756 984 3821 animabus
1011 3755 1084 3819 libri
1112 3754 1286 3819 emendatio

165 3861 283 3940 nititur,
307 3880 363 3925 nec
394 3881 522 3926 numero
553 3863 730 3944 frequentes
762 3880 819 3926 neo
850 3864 1009 3925 uetustate
1040 3861 1179 3945 insignes
1202 3872 1285 3925 sunt.

166 3986 296 4048 quorum
321 3966 373 4048 qui
397 3969 429 4030 et
450 3970 551 4032 aetate
575 3971 607 4032 et
637 3967 776 4032 bonitate
808 3968 927 4050 primus
960 3971 1017 4045 est,
1051 3968 1119 4032 dico
1152 3967 1285 4032 Medio·
1304 3977 1337 4040 M

166 4074 354 4138 larensem
377 4092 504 4137 numero
520 4074 562 4137 -Μ
585 4075 624 4137 67
650 4074 808 4157 signatum
835 4075 1104 4138 membranaceum
1133 4074 1286 4138 miscella-

166 4198 258 4244 nenm
280 4180 312 4242 in
336 4181 369 4243 4⁰
393 4179 536 4244 foliorum
564 4181 636 4259 191,
660 4217 702 4226 -
726 4198 798 4243 nam
827 4180 942 4245 codicis
972 4180 1229 4245 Bruxellensis
1257 4199 1287 4242 n.
