2940 4628
374 297 591 353 VH.'Oontra
617 299 784 354 Felicem
812 300 876 355 lib.
904 301 937 356 H.
1150 307 1213 372 849

92 489 168 554 feeit
186 494 291 555 autem
309 491 398 569 illud,
414 492 497 574 quod
516 493 644 575 aequale
664 493 693 557 ei
710 512 771 559 uon
790 497 856 570 est;
877 495 960 577 quod
974 499 1079 561 antem
1096 497 1214 581 genuit,

94 600 223 679 aequale
249 597 297 660 illi
325 599 383 664 est.
415 597 521 680 itaque
549 597 630 682 elige
656 599 724 678 tibi,
753 601 860 664 utrum
882 602 964 666 uelis
988 601 1090 667 dicere
1115 605 1215 667 muta-

92 703 189 783 bilem
213 703 262 768 dei
284 705 447 781 facturam,
472 723 509 767 an
531 704 715 769 mutabilem
739 705 790 770 dei
812 708 965 772 naturam.

133 807 215 882 FEL.
239 809 333 876 dixit:
358 807 522 888 Quomodo
545 811 622 875 deus
644 811 839 877 inmutabilis
862 817 921 892 est,
945 815 1099 894 similiter,
1124 834 1215 897 quem

62 914 212 997 egenuit
234 914 431 980 inmutabilis
455 920 513 996 est,
537 919 570 982 et
592 917 676 1000 quod
697 917 782 997 feeit,
807 919 834 984 si
853 920 890 984 de
907 921 1008 1004 ipsius
1027 924 1138 986 natura
1156 924 1214 998 θεῖ,

93 1038 154 1083 non
177 1022 279 1084 mutat
318 1070 325 1084 .

136 1124 221 1192 Aba.
245 1127 339 1190 dixit:
369 1126 430 1193 Sed
451 1129 514 1193 iam
536 1129 595 1194 tibi
617 1129 737 1194 dietum
760 1132 819 1209 θεῖ,
843 1131 917 1214 quia
939 1132 1022 1215 quod
1045 1132 1130 1212 feeit,
1154 1152 1214 1198 non

93 1231 131 1297 do
153 1231 254 1315 ipsius
277 1236 387 1297 natura
409 1236 468 1313 θεῖ,
493 1234 548 1299 sed
571 1253 607 1298 ex
624 1235 722 1300 nihilo
740 1235 825 1313 feeit,
846 1236 919 1319 quia
937 1236 1135 1321 omnipotens
1156 1240 1215 1302 est.

93 1357 154 1403 non
182 1341 256 1417 erat,
286 1341 318 1404 ot
343 1338 430 1418 feeit,
458 1359 518 1405 non
547 1339 584 1405 de
612 1359 656 1419 so,
685 1359 745 1405 non
770 1341 808 1406 de
831 1342 937 1425 aliqua
960 1362 1003 1422 re,
1032 1362 1124 1425 quam
1148 1344 1216 1426 ipso

50 1455 75 1494 1⁰
92 1463 154 1509 non
175 1443 302 1523 fenerat,
326 1444 382 1509 sed
404 1463 441 1508 er
462 1444 569 1510 nihilo.

135 1550 215 1615 nnn.
234 1541 328 1614 unit:
351 1552 417 1634 Ego
441 1570 502 1615 non
525 1552 593 1617 hoe·
607 1551 679 1631 dini,
702 1552 759 1618 sed
781 1552 861 1620 dini:
886 1553 960 1636 quia
982 1553 1059 1619 dous
1081 1555 1215 1619 inmuta·

91 1655 165 1720 bilis
176 1658 233 1734 est,
249 1657 281 1720 et
296 1656 379 1738 quod
393 1657 503 1741 genuit
523 1656 709 1722 inmutabile
724 1660 783 1736 est,
798 1660 831 1723 et
845 1659 928 1741 quod
941 1659 1018 1724 feeit
1031 1659 1215 1724 inmutabile

93 1764 151 1828 est.
183 1781 244 1827 uon
271 1762 343 1840 diri,
362 1762 444 1828 unde
462 1763 543 1827 illud
555 1763 648 1840 feoit3
671 1784 733 1830 non
746 1763 806 1830 hoo
825 1764 977 1847 quaesiui,
993 1765 1074 1830 unde
1096 1763 1214 1830 feeerit.

137 1868 221 1934 Aba.
245 1868 339 1933 dixit:
369 1869 430 1935 Sed
452 1888 471 1934 a
491 1888 543 1934 me
565 1870 691 1948 audisti,
716 1871 799 1954 quod
821 1890 882 1936 non
906 1871 1069 1955 quaesisti,
1093 1871 1215 1935 utiam

49 1997 75 2038 ιε
94 1972 251 2038 desineres
270 1973 370 2038 stulta
385 1974 483 2056 loqui.
507 1976 703 2059 omnipotens
727 1975 803 2041 deus
827 1978 859 2041 et
882 1976 919 2040 de
943 1994 977 2040 se
998 1975 1103 2058 potuit
1126 1993 1216 2058 gene·

94 2099 161 2144 rare
185 2079 276 2144 etde
300 2079 397 2145 nihilo
420 2079 520 2146 faeere
548 2083 580 2145 et
607 2100 643 2145 er
670 2100 717 2160 eo,
745 2082 918 2162 quodiam
944 2081 1069 2159 fenerat,
1099 2079 1217 2163 aliquid

93 2185 244 2250 formare:
277 2186 315 2250 do
338 2205 372 2250 se
394 2186 495 2251 filium
517 2188 680 2270 aequalem
703 2187 780 2264 sibi;
814 2188 852 2252 de
879 2188 976 2253 nihilo
1003 2187 1157 2251 mundum
1184 2187 1217 2250 et

93 2292 272 2376 uniuersam
291 2293 481 2369 ereaturam
506 2311 542 2356 ex
560 2293 664 2375 aliquo
683 2293 721 2358 do
739 2296 821 2358 terra
837 2293 1007 2372 hominem,
1028 2293 1101 2376 quia
1120 2291 1218 2357 omni·

94 2400 206 2481 potens
230 2400 288 2462 est.
313 2397 397 2481 quod
420 2417 493 2482 orgo
516 2398 554 2463 de
577 2399 701 2482 seipso
725 2401 783 2478 ost,
805 2399 907 2482 pollui
924 2417 1095 2481 numquam
1112 2399 1219 2481 potest

51 2538 77 2578 so
96 2505 251 2587 quomodo
273 2504 360 2589 ipse;
389 2505 472 2588 quod
499 2508 603 2571 autem
631 2506 669 2570 ab
696 2505 752 2571 illo
779 2506 898 2570 faoturn
922 2508 1066 2584 estnon
1090 2504 1128 2570 de
1149 2503 1216 2582 illo,

95 2613 127 2674 et
148 2609 248 2694 pollui
269 2610 375 2692 potest
396 2628 452 2692 per
472 2609 606 2675 liberum
629 2609 791 2675 arbitrium
815 2612 847 2680 et
868 2609 1011 2674 mundari
1038 2628 1095 2692 por
1114 2607 1217 2691 ipsius

96 2715 339 2781 misericordiam
371 2716 614 2797 condemnando,
648 2717 730 2799 quod
760 2717 915 2800 peccauit,
948 2719 981 2782 et
1007 2713 1217 2800 agnoscendo,
1264 2769 1267 2778 .

97 2821 150 2904 qui
173 2842 245 2886 eum
268 2822 395 2887 creauit.
428 2827 463 2887 tu
495 2842 580 2904 uero,
613 2823 667 2906 qui
692 2823 786 2907 paulo
814 2826 886 2889 ante
914 2821 1030 2901 dixisti,
1065 2820 1138 2904 quia
1164 2818 1218 2902 qui

98 2928 147 2992 dei
169 2930 289 3010 partem
313 2929 547 3012 corruptibilem
570 2931 602 2994 et
624 2930 894 2996 contaminabilem
913 2929 1000 3008 dicit,
1019 2926 1219 2993 anatheman-

53 3059 79 3100 ss
98 3034 156 3099 dus
180 3035 238 3112 θεῖ,
262 3053 376 3118 negare
399 3039 504 3101 autern
531 3056 593 3103 non
618 3039 709 3119 potes
731 3036 951 3101 Maniohaoum
979 3034 1107 3112 dixisse,
1137 3030 1220 3114 qnod

99 3159 170 3225 pars
194 3140 244 3205 dei
265 3140 297 3204 in
321 3145 413 3226 gente
435 3144 632 3209 tenebrarum
654 3143 866 3226 conprehensa
887 3144 981 3224 atque
1009 3140 1134 3223 polluta
1160 3139 1219 3217 est,

101 3248 134 3311 et
154 3247 204 3313 his
227 3267 300 3312 eum
326 3250 432 3314 uerbis
455 3249 693 3332 blasphemasse
720 3248 856 3332 adparet,
883 3247 929 3312 ita
954 3248 992 3310 ut
1016 3245 1110 3329 peius
1137 3244 1220 3310 blas·

98 3352 245 3435 phemare
266 3355 346 3419 forte
368 3374 429 3420 uon
451 3358 569 3437 posset,
593 3357 649 3418 aut
666 3355 830 3420 anathema
846 3353 938 3418 illum
955 3351 1032 3416 talia
1053 3350 1218 3428 dicentem,

101 3462 155 3523 aut
176 3461 213 3524 tu
236 3479 308 3524 eum
329 3460 385 3526 illo
408 3460 654 3526 anathemandus
678 3479 711 3526 θε
735 3462 767 3524 θῖ
789 3457 982 3525 abiciendus.
1034 3499 1035 3502 =

55 3599 81 3639 ω
144 3566 195 3630 20.
228 3567 306 3636 Fun.
336 3566 429 3634 dixit:
461 3567 663 3647 Manichaeus
691 3566 777 3644 dicit,
810 3564 884 3648 qnia
912 3564 1035 3648 polluta
1068 3562 1117 3627 oet
1147 3578 1219 3643 pars

105 3669 173 3747 dei;
203 3675 235 3736 et
257 3671 400 3739 Christus
424 3672 509 3751 dicit,
533 3673 606 3756 quia
626 3673 750 3757 polluta
772 3673 822 3737 θεῖ
843 3671 956 3749 anima,
980 3671 1012 3733 et
1033 3667 1122 3733 uenit
1142 3666 1219 3730 libe-

101 3797 166 3842 rare
189 3780 276 3843 illam
299 3779 336 3842 de
359 3779 543 3862 pollutione.

138 3922 152 3974 1
181 3922 209 3973 et
235 3920 346 3991 aequale
363 3919 416 3974 PR
486 3935 538 3972 non
568 3921 609 3972 est
637 3919 661 3972 ei
679 3918 707 3971 P
761 3918 839 3972 hest
855 3915 931 3970 illih
1002 3890 1174 3968 lmntabiiis
1190 3909 1219 3966 R

102 4010 117 4063 6
141 4011 267 4063 mutatur.
287 4007 339 4062 Sed
357 4007 389 4062 de
408 4007 491 4062 nihilo
509 4006 581 4070 feeit,
600 4006 664 4076 quia
687 4022 753 4077 opus
774 4022 828 4059 nou
845 4002 994 4059 mutaturb
1084 4001 1100 4057 8
1119 3999 1166 4054 sed
1183 4028 1218 4040 -

103 4102 144 4153 est
157 4097 236 4152 omo
272 4093 489 4150 dhon-fecerat
502 4092 593 4172 onuR
627 4093 662 4147 20
679 4108 727 4146 nee
743 4091 830 4162 ipaeb
877 4091 935 4162 ipse
950 4089 1031 4145 estR
1075 4088 1123 4143 illo
1137 4085 1239 4142 estR·

103 4188 135 4240 27
149 4187 201 4240 hiis
219 4183 272 4238 PR
342 4181 427 4252 peius]
440 4198 521 4252 penes
535 4181 563 4236 R
616 4180 649 4234 29
664 4179 700 4250 θῖ]
715 4181 762 4233 aut
775 4179 803 4234 R

1115 4281 1163 4335 54⁸
