2940 4628
231 279 295 341 804
576 274 602 328 S.
628 274 764 328 Aureli
789 275 1002 344 Augustini

229 469 394 534 consonuit
415 468 541 533 ueritati
563 466 697 550 apostoli
714 466 870 534 Iohannis.
893 467 1057 532 uideamus
1077 467 1171 532 etiam
1190 467 1345 550 quomodo

228 573 400 658 perfectum
423 576 481 653 est,
506 575 588 656 quod
610 573 755 657 promisit
776 573 919 639 dominus
946 576 979 645 11
1004 574 1160 657 quomodo
1181 574 1345 656 inpletum,

228 684 265 744 ut
293 700 364 746 cum
390 681 485 746 fuerit
512 699 548 745 11
575 679 731 753 canonicis
757 679 845 745 libris
873 684 998 746 sanctae
1026 677 1175 747 ecclesiae
1204 700 1347 764 expressa

227 785 358 868 inpletio
389 784 605 869 promissionis
638 784 773 863 domini,
805 787 995 868 paracletum
1027 785 1172 869 spiritum
1203 789 1346 851 sanctum

228 892 360 956 alterum
378 911 439 956 non
452 901 652 973 quaeramus,
670 909 708 954 ne
726 890 759 954 in
778 892 976 957 seductorum
993 892 1122 973 laqueos
1140 892 1345 959 incurramus.
1376 917 1389 955 1

273 999 303 1064 4.
331 997 373 1061 Et
394 997 539 1062 recitauit
562 1016 597 1061 11
620 996 741 1060 actibus
764 998 993 1080 apostolomm:
1021 998 1176 1081 primum
1201 997 1346 1080 quidem

229 1122 433 1168 sermonem
457 1103 532 1168 feci
556 1103 597 1167 de
621 1103 801 1181 omnibus,
826 1121 843 1170 o
867 1102 1087 1186 Theophile
1107 1122 1199 1187 quae
1223 1103 1347 1186 coepit

228 1208 337 1273 Iesus
366 1209 488 1274 facere
516 1211 553 1274 et
581 1208 711 1273 dooere
739 1208 774 1272 in
802 1209 873 1288 die,
903 1229 971 1292 quo
1004 1209 1198 1291 apostolos
1230 1208 1347 1292 elegit

227 1334 290 1397 per
312 1314 488 1398 spiritum
503 1317 671 1378 sanctum
686 1316 927 1399 etpraecepit
948 1315 1165 1398 praedicare
1189 1333 1345 1398 euange-

227 1420 332 1483 lium:
366 1420 501 1503 quibus
532 1420 706 1502 praebuit
733 1439 771 1484 se
798 1420 925 1488 uiuum
952 1424 1038 1503 post
1068 1420 1282 1504 passionem
1310 1420 1345 1483 in
1364 1444 1389 1483 10

227 1526 358 1589 multis
383 1525 615 1610 argumentis
639 1525 779 1595 dierum
802 1527 908 1591 uisus
928 1526 980 1591 eis
1000 1527 1080 1591 dies
1099 1525 1345 1610 quadraginta

212 1635 264 1697 -11
286 1632 423 1719 docens
451 1632 494 1696 de
520 1651 632 1716 regno
661 1631 720 1695 dei
748 1635 783 1696 11
811 1633 989 1713 quomodo
1018 1635 1265 1698 conuersatus
1289 1636 1345 1697 est

226 1759 305 1804 cum
328 1739 420 1805 illis.
443 1740 479 1804 11
499 1738 690 1821 praecepit
707 1738 771 1817 eis,
788 1757 832 1802 ne
851 1738 1087 1803 discederent
1109 1739 1151 1802 ab
1174 1738 1344 1803 Hieroso·

225 1839 353 1929 lymis,
382 1845 445 1908 sed
473 1843 707 1909 sustinerent
732 1843 1048 1927 pollicitationem
1076 1843 1209 1926 patris,
1239 1862 1356 1926 quam⁴

226 1951 401 2030 audistis,
428 1949 560 2033 inquit,
590 1969 629 2013 11
657 1968 831 2027 11111111,
860 1949 1030 2031 quoniam
1057 1949 1241 2015 Iohannes
1270 1949 1343 2031 qui·
1362 1971 1386 2011 rs

226 2038 304 2121 dem
328 2056 541 2140 baptizauit
564 2074 666 2138 aqua,
694 2074 761 2120 uos
789 2057 911 2119 autem
939 2055 1076 2138 spiritu
1105 2059 1232 2130 sancto
1255 2054 1341 2118 inci-

225 2163 341 2246 pietis
373 2161 574 2244 baptizari,
610 2171 714 2244 quem
748 2164 784 2225 11
810 2161 1000 2243 accepturi
1033 2161 1125 2226 estis
1158 2180 1226 2226 non
1259 2165 1349 2244 post

225 2269 364 2335 multos
400 2267 497 2332 istos
529 2266 608 2332 dies
640 2285 757 2349 usque
790 2266 833 2330 ad
864 2268 1117 2349 pentecosten.
1158 2267 1219 2330 illi
1257 2286 1341 2351 ergo

218 2372 494 2438 conuenientes
516 2372 799 2455 interrogabant
822 2390 901 2435 eum
926 2370 1106 2436 dicentes:
1131 2372 1286 2450 domine,
1311 2372 1341 2437 si

225 2477 260 2541 in
296 2479 365 2542 hoc
401 2479 566 2560 tempore
597 2475 857 2560 praesentabis
888 2495 1040 2560 regnum
1072 2477 1236 2541 Israhel?
1274 2477 1383 2541 illeso

225 2586 347 2648 autem
375 2583 482 2651 dixit:
514 2602 617 2648 nemo
645 2585 772 2665 potest
800 2601 1023 2666 cognoscere
1051 2585 1212 2664 tempus,
1246 2583 1342 2665 quod

225 2693 330 2772 pater
347 2689 478 2771 posuit
495 2688 531 2752 in
550 2707 616 2756 sun
633 2690 836 2771 potestat03
861 2687 924 2752 sed
942 2687 1141 2770 accipietis
1160 2688 1340 2752 uirtutem

226 2794 384 2877 spiritus
408 2795 529 2860 sancti
552 2794 878 2876 superuenientem
899 2794 936 2857 in
958 2812 1024 2858 uos
1054 2796 1090 2856 et
1117 2795 1224 2859 eritis
1252 2794 1341 2857 mihi

225 2902 345 2964 testes
374 2900 469 2983 apud
494 2899 793 2981 Hierosolymam
826 2902 862 2962 11
887 2899 923 2962 in
950 2900 1030 2965 tota
1057 2900 1193 2964 Iudaea
1220 2900 1340 2965 1181-

224 3006 339 3068 maria
369 3006 405 3068 et
435 3023 553 3086 usque
580 3005 616 3068 in
643 3007 759 3070 totam
785 3007 929 3070 terram.
963 3024 1043 3069 cum
1071 3007 1161 3070 haec
1189 3007 1339 3083 diceret,
1352 3031 1378 3070 11

138 3183 139 3186 Ἴ
224 3112 340 3176 nubes
373 3110 543 3193 suscepit
570 3129 650 3177 eum
677 3113 714 3175 et
741 3111 913 3176 sublatus
942 3114 999 3176 111
1026 3113 1068 3176 ab
1098 3111 1160 3176 eis.
1193 3115 1229 3176 11
1256 3130 1338 3194 quo·

223 3217 329 3282 modo
355 3217 652 3300 contemplantes
677 3218 789 3296 erant,
815 3217 989 3282 cumiret
1015 3218 1051 3281 in
1079 3218 1230 3294 caelum,
1255 3235 1338 3280 ecce

224 3321 293 3386 duo
331 3322 405 3387 uiri
443 3323 615 3387 astabant
651 3322 730 3388 illis
757 3323 793 3387 in
820 3325 925 3387 ueste
953 3323 1044 3401 alba,
1077 3322 1139 3405 qui
1171 3322 1341 3386 dixerunt

224 3425 268 3490 ad
303 3445 379 3498 eos:
415 3426 489 3490 uiri
524 3425 702 3505 Galilaei‚
741 3427 831 3510 quid
868 3427 980 3492 statis
1016 3427 1265 3509 respicientes
1302 3427 1338 3490 in

224 3532 386 3597 caelum?
418 3532 492 3597 1111
519 3532 640 3611 11111,
669 3532 731 3615 qui
759 3532 977 3615 adsumptus
1006 3533 1123 3597 estin
1152 3533 1294 3596 caelum
1317 3548 1379 3597 'aso

311 3748 326 3800 6
344 3748 403 3801 Act.
424 3749 446 3812 l,
466 3748 480 3801 1
500 3764 558 3817 sqq.

260 3893 414 3947 lichannir
432 3892 581 3963 apostolic
644 3894 719 3962 dex]
737 3893 765 3946 in
782 3893 810 3946 P
871 3893 903 3946 12
923 3893 992 3948 rito
1060 3893 1093 3947 13
1111 3893 1267 3948 ierosolimis
1285 3895 1339 3950 PR

223 3982 424 4051 iherosolymam
441 3981 467 4035 Τ
517 3981 551 4034 11
565 3980 730 4051 baptizaret
802 3981 923 4035 111111)
977 3981 1011 4038 20
1024 3981 1052 4033 in
1066 3981 1151 4035 11111
1204 3983 1237 4036 24
1252 3981 1337 4035 hiero-

223 4069 342 4123 solimam
359 4070 387 4124 P
401 4069 651 4139 iherosolynramT
741 4069 853 4124 samaria
871 4072 899 4122 11
915 4069 994 4123 iudea
1011 4068 1039 4123 R
1115 4068 1149 4121 29
1166 4069 1338 4138 respicientes

223 4160 293 4226 (sup.
312 4173 353 4212 res
370 4173 499 4226 superscr.
517 4157 529 4210 l
548 4158 571 4226 a)
595 4158 619 4210 T
