2940 4628
241 237 304 300 886
579 197 609 287 ss
634 227 769 281 Aureli
797 226 1009 295 Augustini

238 423 292 486 ita
315 423 427 486 etiam
451 424 535 485 ante
560 420 684 484 dictus
707 418 881 501 princeps
905 416 1088 482 sodalium
1111 418 1251 499 prolem
1271 418 1363 482 acci-

238 529 344 612 piens
366 529 565 592 habentem
587 526 783 609 parentum
806 541 949 600 sensus,
972 521 1219 605 prudentiam,
1242 522 1367 588 lucem·

240 633 353 698 simul
377 651 501 698 secum
525 632 561 695 in
586 630 829 715 generatione
856 630 1087 711 procreatam
1115 627 1289 706 comedit3
1322 648 1364 694 ao

237 739 430 822 plerisque
453 737 600 802 uiribus
624 736 786 818 sumptis
805 723 849 803 'ex
872 734 988 799 istius
1007 734 1105 799 modi
1124 735 1273 812 esoain
1293 754 1363 819 qua

238 863 310 908 non
333 842 439 908 modo
462 843 584 906 inerat
605 840 801 915 fortitudo,
826 840 889 904 sed
912 841 1031 904 multo
1055 839 1172 924 magis
1195 841 1361 905 astutiae
1392 859 1405 899 s

239 953 276 1013 et
307 949 414 1032 praui
447 967 578 1012 sensus
609 966 649 1011 ex
677 946 755 1011 fera
782 946 992 1030 genitorum
1020 948 1151 1023 mente,
1174 947 1361 1030 propriam

239 1055 343 1119 adse
368 1054 564 1136 coniugem
587 1052 763 1117 euocauit
786 1071 826 1115 ex
849 1069 899 1129 ea,
928 1060 998 1133 qua
1023 1052 1104 1133 ipse
1132 1054 1219 1129 erat,
1244 1052 1361 1135 stirpe

237 1161 460 1234 manantem
486 1161 521 1221 et
543 1157 644 1222 iacto
669 1175 749 1221 oum
773 1175 814 1220 ea
837 1157 940 1221 coitu
964 1157 1165 1222 seminauit
1186 1161 1227 1222 ut
1246 1159 1362 1223 ceteri

239 1264 505 1329 abundantiam
537 1263 731 1339 malorum,
770 1281 861 1343 quae
893 1263 1153 1340 deuoraueraa,
1190 1261 1363 1328 nonnihil

238 1371 350 1434 etiam
373 1369 453 1452 ipse
477 1368 644 1432 adiciens
669 1386 708 1431 er
733 1386 799 1430 sua
822 1368 1054 1451 cogitatione
1077 1387 1118 1433 ac
1140 1368 1292 1446 uirtute,
1320 1370 1363 1432 ut
1381 1386 1406 1424 ιο

239 1477 341 1540 esset
372 1494 505 1540 sensus
538 1473 619 1538 eius
653 1473 813 1538 omnium
845 1493 983 1551 eorum,
1017 1493 1108 1556 quae
1144 1473 1363 1557 profuderat

238 1581 419 1645 formator
445 1581 554 1662 atque
583 1579 808 1661 descriptor;
843 1580 950 1645 cuius
979 1599 1125 1663 compar
1153 1579 1364 1663 excipiebat

239 1687 340 1763 haec,
368 1688 410 1748 ut
439 1704 562 1750 semen
590 1685 790 1749 consueuit
820 1687 922 1749 culta
950 1686 1087 1769 optime
1118 1689 1218 1750 terra
1248 1685 1363 1770 perci·

239 1811 334 1875 pere.
358 1792 394 1856 in
418 1791 542 1857 eadem
567 1791 662 1856 enim
681 1793 997 1856 construebant-ur
1015 1795 1052 1855 et
1070 1792 1365 1858 conterebantur

240 1898 401 1963 omnium
420 1898 604 1981 imagines
624 1899 846 1962 caelestium
865 1917 906 1962 ac
923 1894 1153 1962 terrenarum
1171 1897 1362 1974 uirtutum,
1381 1915 1406 1955 ιε

237 2007 277 2067 ut
299 2003 402 2085 pleni
424 2002 609 2067 uidelicet
632 2002 748 2080 orbis,
776 2002 814 2066 id
837 2002 933 2083 quod
960 2002 1205 2081 formabatur,
1233 2002 1363 2068 simili·

239 2109 405 2174 tudinem
429 2110 625 2174 obtineret.

280 2216 332 2280 47.
358 2213 383 2279 0
408 2214 577 2280 scelestum
600 2215 795 2301 monstrum!
820 2234 837 2279 o
861 2213 1029 2279 execranda
1054 2213 1188 2297 perditio
1218 2216 1250 2278 et
1274 2213 1363 2279 labes

237 2320 438 2404 deceptarum
462 2303 655 2385 animarum!
680 2319 804 2397 omitto,
828 2319 903 2402 quid
926 2319 970 2384 sit
1001 2319 1039 2385 de
1061 2322 1174 2384 natura
1195 2319 1255 2397 dei,
1279 2319 1363 2402 quod

235 2426 281 2491 sic
303 2426 430 2510 ligetur,
454 2427 531 2491 haec
555 2425 666 2491 dicere.
699 2427 759 2492 hoc
783 2426 894 2491 saltem
919 2426 1089 2490 adtendant
1110 2425 1217 2490 miseri
1239 2425 1363 2508 decepti
1379 2438 1406 2479 ω

236 2533 268 2596 et
290 2550 391 2613 errore
414 2531 573 2597 mortifero
596 2532 753 2610 uenenati,
777 2531 858 2613 quia,
883 2531 911 2595 si
933 2538 988 2615 per
1010 2531 1128 2596 coitum
1149 2533 1362 2597 masculorum

236 2638 268 2700 et
288 2636 474 2701 feminarum
496 2636 616 2721 ligatur
636 2655 707 2720 pars
732 2636 791 2714 dei,
820 2655 913 2718 quam
941 2655 975 2702 se
1000 2636 1216 2702 manducando
1240 2638 1362 2702 soluere

236 2743 268 2805 et
298 2760 430 2827 purgare
462 2742 658 2825 profitentur,
692 2742 777 2825 cogit
804 2761 857 2808 eos
885 2742 979 2806 huius
1006 2744 1072 2805 tam
1099 2741 1223 2810 nefandi
1250 2743 1362 2808 erroris

235 2847 417 2925 necessitas,
441 2849 562 2912 utnon
585 2846 688 2912 solum
712 2846 750 2912 de
772 2866 851 2930 pane
875 2849 907 2911 et
924 2847 1083 2913 holeribus
1103 2850 1134 2912 et
1150 2847 1263 2931 pomis,
1282 2837 1361 2930 quae

237 2954 304 3017 sola
330 2953 478 3017 uidentur
503 2953 535 3015 in
563 2951 729 3017 manifesto
754 2952 908 3039 accipere,
937 2953 993 3018 sed
1018 2952 1213 3017 indoctam
1236 2952 1410 3019 uoluunt*

237 3059 269 3121 et
285 3062 421 3142 purgent
438 3061 559 3141 partem
577 3056 636 3135 dei,
655 3057 738 3122 unde
755 3077 811 3140 per
829 3059 1029 3123 concubitum
1047 3060 1162 3142 potest,
1182 3057 1210 3123 si
1226 3057 1366 3122 feminae

272 3296 445 3368 lsodulinm]
464 3297 511 3352 sed
529 3298 582 3352 alia
603 3298 639 3353 θ’
693 3301 839 3369 2parenti
859 3305 885 3368 (a
903 3316 962 3368 sup.
982 3305 996 3352 e
1016 3316 1035 3352 a
1051 3315 1083 3352 m.
1107 3303 1132 3357 1)
1158 3296 1361 3368 Sparenth

235 3386 380 3440 bereti>
451 3386 607 3441 astutiaG
682 3388 805 3458 tprani]
823 3405 920 3458 prauus
941 3387 1098 3458 Gpatriib
1174 3385 1359 3456 gemaere-1³¹

235 3473 334 3546 mente]
353 3478 433 3546 gente
451 3475 467 3529 b
486 3475 527 3545 (ἐπ
543 3493 593 3546 mg.
612 3475 646 3533 ul.
664 3479 763 3543 mente)
852 3475 945 3546 iipsi
962 3474 990 3528 P
1002 3533 1009 3553 ‚
1076 3474 1265 3529 amonentem
1283 3472 1358 3526 Avo

236 3561 378 3616 seminarit
396 3562 485 3632 (uita.
505 3562 522 3618 1.
538 3579 556 3615 a
569 3579 603 3615 m.
617 3564 647 3631 2)
660 3562 689 3616 P
740 3562 903 3632 duonuihil]
917 3566 947 3616 ut
960 3562 1058 3616 nihilb
1113 3562 1145 3615 10
1163 3561 1357 3634 cogitatiouab
1449 3631 1451 3634 Α

236 3649 277 3718 (in
294 3665 343 3719 my.
362 3647 397 3702 ul.
416 3647 578 3719 cognitione)
667 3651 700 3703 ll
725 3649 763 3703 a&
788 3649 820 3716 (da
843 3665 903 3704 oum
921 3665 935 3702 e
953 3650 1023 3705 cord.
1046 3655 1122 3704 ctu
1141 3648 1206 3704 add.
1230 3666 1264 3702 m.
1283 3652 1312 3717 2)
1332 3648 1360 3702 P

235 3736 270 3790 13
286 3736 372 3792 boob
443 3737 478 3792 14
496 3737 725 3807 construebantur]
744 3736 1019 3792 constituebanturdi
1090 3736 1357 3792 contexebantan¹

236 3825 269 3878 16
292 3824 474 3881 formabantur
490 3824 528 3881 Ρι
617 3827 649 3880 17
673 3827 807 3897 optineret
830 3826 867 3879 P¹
957 3825 991 3879 18
1012 3829 1161 3880 monstrum
1183 3825 1361 3879 scelestumb

230 3912 396 3976 ,exsecranda
414 3913 437 3984 (s
455 3918 502 3982 er.)
521 3914 549 3968 P
616 3915 733 3984 perdicio
756 3915 782 3968 V
833 3914 866 3968 19
885 3915 966 3968 omito
981 3913 1004 3968 S
1019 3914 1141 3967 ommitto
1154 3914 1182 3967 P
1234 3914 1267 3966 20
1284 3911 1360 3982 lege·
1466 3960 1468 3965 ⁴

234 4001 329 4055 turP¹
342 4000 444 4072 legitur
455 3998 499 4056 Lo
587 4001 667 4056 hocb
751 4002 816 4056 haec
830 4001 927 4071 dicere]
941 4001 1084 4056 educeres
1164 3997 1360 4061 adtendantP¹

236 4088 401 4158 alquanto
463 4088 671 4159 '221igeturG
