2940 4628
583 264 798 320 Praefatio.
1167 275 1250 337 LXV

50 469 54 476 '
130 458 203 533 936,
230 458 267 520 11
303 460 405 531 urum,
439 459 513 536 940,
538 461 577 522 21
610 457 714 538 femor,
748 460 821 535 943,
856 462 894 523 21
928 462 1078 541 iudaicus,
1112 466 1184 543 943,
1211 468 1250 529 15

123 564 273 644 pouitoun,
306 565 380 640 945,
405 567 424 627 6
456 564 608 644 discipulo,
635 566 716 643 896,
742 567 782 633 23
810 567 945 645 munitos,
971 568 1044 645 900,
1071 571 1109 632 17
1132 571 1250 648 sordue,

130 670 204 748 901,
228 670 248 733 3
271 669 421 749 cornutio,
444 669 569 750 333373
591 669 650 756 (sic
672 669 815 756 semper).
834 690 983 756 persaepe
1001 694 1016 737 e
1034 695 1088 757 pro
1112 697 1148 738 33
1170 677 1251 759 posi-

129 777 198 838 tum
229 777 279 840 est
310 777 342 840 et
371 776 403 839 in
434 776 591 841 radicibus
629 779 661 841 et
694 777 726 841 in
764 778 1053 844 terminationibus:
1091 781 1251 857 celestibus,

102 964 106 969 ᾖ
130 882 302 962 questionis,
325 881 500 946 33333333
522 881 580 968 (ita
603 880 804 969 constanter),
827 884 986 947 iudeorum
1008 884 1144 970 (semper
1165 886 1251 972 fere),

124 985 356 1067 penitudinem:
373 988 554 1068 prestando,
571 989 705 1070 prebuit,
717 994 871 1070 precepto,
884 991 1085 1071 predicatum
1108 1015 1173 1074 que,
1191 995 1251 1069 bec,

131 1097 188 1168 tue,
210 1094 308 1171 stulte,
331 1095 455 1158 sinistre
477 1096 516 1158 31.
540 1095 592 1158 uix
615 1095 719 1161 minus
743 1115 835 1179 saepe
858 1110 872 1164 t
895 1115 950 1179 pro
973 1099 1162 1186 ascriptum
1186 1103 1251 1164 est:

130 1215 204 1278 eres,
237 1201 303 1274 erit,
336 1200 514 1282 eloquentia,
546 1203 704 1283 eqreqiorn,
741 1206 831 1277 33343,
869 1207 1027 1286 quotenne,
1066 1225 1126 1288 eqo,
1162 1206 1252 1280 enine,

130 1303 275 1385 intptum,
303 1308 447 1387 eoeperit,
466 1320 584 1382 333333,
612 1322 658 1382 ue,
685 1310 815 1383 nomint,
844 1311 876 1372 et
896 1309 928 1373 in
952 1311 1170 1376 aduerbiorum
1193 1315 1252 1376 ter·

130 1409 326 1476 minatione:·
346 1412 443 1487 unice,
471 1415 612 1488 munione,
633 1430 722 1494 pent.
756 1416 855 1480 semel
877 1436 897 1478 3
923 1434 978 1498 pro
1002 1418 1173 1501 elegitur:
1197 1417 1254 1480 331-

130 1505 237 1591 nondi,
265 1518 314 1583 bis
338 1539 354 1584 e
377 1539 432 1601 pro
456 1538 491 1584 a:
520 1521 679 1596 3333333,
707 1523 919 1586 3333333333.
944 1544 964 1586 3
985 1543 1040 1606 pro
1063 1545 1085 1586 u
1107 1527 1139 1588 et
1161 1545 1177 1586 3
1198 1543 1253 1607 pro

131 1642 148 1684 o
171 1623 232 1687 nisi
261 1625 421 1691 rarissime
452 1646 513 1691 non
545 1631 720 1694 occurrunt.
745 1629 869 1711 saepius
893 1649 908 1692 3
931 1630 963 1692 et
983 1630 997 1690 i
1018 1631 1255 1710 permutanturr

130 1729 296 1805 sterelitusf
324 1732 522 1811 3333333333,
558 1733 682 1797 reddere
720 1733 805 1818 (898,
840 1732 903 1818 13),
940 1733 1067 1808 (133373,
1100 1735 1173 1807 894,
1212 1735 1253 1797 23

131 1835 276 1918 uernae,
301 1838 380 1914 33,
401 1838 419 1900 7
439 1823 556 1917 §aaa
581 1840 1011 1920 333333333313
1035 1840 1155 1922 333,
1180 1841 1253 1914 soe,
1316 1869 1318 1872 >

134 1940 174 2002 17
197 1939 288 2003 redde
297 1960 308 2017 ;
330 1942 344 2004 i
365 1961 420 2024 pro
444 1962 479 2006 e:
503 1944 576 2021 898,
602 1944 640 2007 11
665 1943 743 2007 ctum
764 1945 888 2018 distinu,
913 1945 986 2019 899,
1011 1945 1031 2008 9
1054 1946 1154 2028 33333,
1179 1945 1253 2024 898,

134 2045 174 2108 18
194 2047 289 2128 prepi,
323 2048 440 2127 897,9
471 2048 709 2131 3313133333
732 2049 744 2111 i
766 2049 797 2112 in
820 2066 898 2113 uoce
930 2048 1004 2130 epti.
1037 2049 1183 2114 uenimus
1215 2051 1253 2114 ad

133 2155 347 2218 consonantes.
377 2173 447 2218 non
482 2172 551 2219 raro
583 2156 655 2218 tet
685 2173 700 2216 3
730 2154 869 2218 uariant:
906 2154 1078 2229 mendatiis,
1115 2155 1253 2230 333333,
1344 2239 1347 2243 .

126 2257 290 2338 printmio,
311 2257 505 2338 putidaeque,
532 2261 660 2340 tutinus,
687 2260 900 2339 suspitionem,
932 2261 1039 2324 contra
1065 2262 1195 2336 3333333,
1219 2282 1256 2326 uc

133 2364 172 2430 al.
201 2382 391 2446 quamquam
417 2365 498 2429 inter
524 2369 536 2427 t
563 2368 594 2430 et
621 2385 636 2428 3
663 2366 783 2430 litteras
813 2364 950 2430 erebrius
977 2367 1064 2428 tanta
1082 2366 1255 2432 similitudo

132 2469 307 2548 intercedit,
335 2474 371 2536 ut
398 2472 521 2537 nonnisi
553 2491 675 2537 summa
708 2473 868 2537 oculorum
898 2472 1069 2536 intentione
1099 2472 1254 2537 discernas

134 2581 348 2644 consonantes.
380 2580 502 2660 praeter
531 2597 627 2643 uoces
658 2578 758 2658 adque
790 2580 822 2643 et
847 2582 937 2658 aput,
966 2596 1044 2660 quas
1079 2579 1142 2642 iam
1173 2578 1256 2662 apud

134 2683 278 2765 antiquos
300 2685 435 2771 usitatas
457 2684 557 2750 inisse
577 2687 708 2764 constat,
727 2685 779 2749 hie
796 2684 862 2748 illic
882 2684 991 2765 inquid
1007 2684 1263 2768 deprehenditur.-

133 2809 174 2869 qu
204 2807 259 2872 pro
282 2810 298 2853 3
319 2790 472 2873 reperitur
501 2790 533 2854 in
566 2811 646 2872 quur·
676 2792 708 2855 et
742 2790 891 2872 qumodo
922 2791 995 2866 899,
1029 2792 1067 2867 6;
1095 2811 1126 2854 3
1156 2809 1211 2873 pro
1233 2811 1256 2854 3

132 2894 248 2978 legitur
268 2895 301 2959 'm
324 2897 472 2969 conuiuio
495 2897 570 2976 894,
594 2898 635 2961 25
659 2900 692 2961 et
712 2896 790 2960 3133
812 2895 942 2960 destina.
961 2895 1079 2978 passim
1102 2914 1255 2962 consonae

82 3018 86 3026 ·
134 3004 189 3065 aut
221 3005 327 3091 contra
357 3004 522 3087 uulgarem
552 3022 646 3067 usum
682 3005 880 3087 geminantur
915 3005 971 3066 aut
1006 3020 1112 3067 earum
1148 3001 1256 3066 natiua

40 3090 43 3095 ’
134 3107 527 3192 geminatio'neglegitur:
555 3110 759 3186 3333333,
788 3110 862 3186 see,
886 3108 925 3173 21
955 3107 1091 3188 3333,
1115 3109 1189 3185 905,
1214 3108 1253 3170 21

134 3215 272 3294 oppinor,
300 3213 439 3292 maltum,
467 3216 542 3294 901,
565 3216 585 3278 6
608 3214 760 3294 obpoutet:
784 3215 858 3293 897,
881 3215 901 3277 9
929 3213 1090 3291 soliditate,
1115 3214 1189 3291 905,
1214 3215 1255 3277 16

133 3323 243 3397 denset,
275 3319 429 3399 3313733,
450 3321 575 3401 supleat.
610 3320 708 3385 simili
736 3320 855 3385 ratione
886 3341 909 3382 3
938 3320 1043 3384 littera
1065 3319 1256 3383 abundanter

135 3426 278 3508 ponitur:
303 3426 377 3504 906,
394 3430 414 3491 2
436 3426 642 3506 3313333333,
667 3427 742 3505 898,
762 3427 800 3489 21
826 3426 981 3506 delinquit.
996 3446 1018 3508 q
1036 3444 1108 3490 eum
1126 3445 1141 3488 3
1159 3425 1257 3489 semel

134 3534 347 3614 permutatur:
380 3534 454 3615 900,
481 3535 518 3597 ll
550 3532 722 3617 soqroteqii,
755 3534 853 3608 semel
875 3551 947 3597 cum
969 3550 1005 3596 3.·
1029 3533 1102 3607 898,
1128 3533 1169 3594 22
1190 3551 1257 3594 333-

134 3659 274 3722 3339333.
298 3638 320 3701 d
340 3656 395 3721 pro
417 3659 439 3701 u
462 3639 596 3703 occurrit
617 3639 650 3703 in
672 3639 825 3703 33333333
848 3639 921 3716 897,
946 3640 976 3702 3.
1001 3637 1150 3702 etiamid
1173 3655 1255 3702 com-

134 3745 368 3810 memorandum
383 3747 432 3810 est
446 3747 650 3810 consonantes
666 3745 790 3827 saepius
805 3763 841 3809 33
858 3744 990 3809 manime
1004 3742 1129 3826 quidem
1147 3742 1255 3807 finales

135 3851 257 3916 omitti:
291 3852 364 3926 894,
390 3856 409 3917 2
441 3855 579 3929 333333,
612 3852 731 3930 901,8
762 3850 940 3925 renuerem,
974 3850 1047 3923 897,
1078 3850 1120 3914 20
1150 3849 1255 3929 fuisse,

135 3958 210 4036 895,
234 3959 275 4021 22
307 3958 448 4032 33733333,
481 3959 555 4032 899,
579 3959 599 4022 6
631 3958 795 4035 contemsit,
829 3957 903 4035 899,
927 3957 969 4021 24
992 3956 1114 4035 omittit,
1138 3956 1211 4030 907,
1235 3956 1256 4019 4

133 4062 228 4129 nob..
256 4063 299 4143 pb
324 4083 379 4146 pro
406 4063 423 4144 t
447 4064 546 4129 semel
573 4063 723 4147 seriptum
751 4063 866 4147 legitur
890 4062 923 4126 in
950 4062 1104 4127 uocabulo
1120 4061 1256 4143 339333

135 4160 209 4244 900,
240 4171 269 4236 1.
296 4189 327 4232 3
352 4170 459 4235 littera
483 4170 649 4253 parasitico
677 4169 800 4235 addita:
834 4169 907 4244 894,
937 4168 977 4234 17
1006 4168 1255 4247 3333333333,

114 4320 116 4325 ·
142 4301 143 4304 ’
160 4307 371 4359 31333333
385 4311 406 4351 3.
1152 4303 1168 4342 0
