2940 4628
222 253 284 316 888
566 249 593 305 S.
621 247 755 302 Aureli
781 247 995 316 Augustini

221 440 397 524 ignorantia
420 458 528 504 secura
551 441 618 503 erat
639 440 695 502 aut
717 437 905 521 sempiterno
928 437 1034 503 doloro
1061 441 1093 503 et
1118 439 1230 504 timore
1258 440 1343 505 solli-

223 547 294 624 cita,
324 545 446 627 quando
470 546 531 611 sibi
553 545 676 609 ueniret
698 543 853 626 conuptio
877 543 1105 608 commixtionis
1127 547 1161 609 ot
1180 546 1345 611 uinculum

222 655 365 718 aeternae
397 636 622 729 damnationis
655 651 739 734 quod
770 650 902 732 denique
933 652 1022 734 gesto
1053 651 1137 717 bello
1174 652 1220 717 sic
1250 651 1345 718 buerit

224 758 391 842 captiuam,
416 758 574 842 obpressa,
595 759 729 842 polluta,
753 756 836 840 quod
862 760 935 840 post
960 756 1071 820 falsam
1103 757 1267 823 uictoriam
1298 760 1344 824 sic

223 862 329 928 fertura
351 865 393 929 sit
414 865 446 929 in
469 865 610 931 honibili
634 865 727 949 globo
743 864 778 937 in
796 866 955 931 aeternum
974 864 1091 928 confixa
1109 866 1141 928 et
1158 864 1196 928 ab
1216 861 1344 949 originis
1372 883 1384 922 s

224 989 299 1034 suae
322 971 472 1036 felicitate
496 973 646 1054 separato,
665 969 840 1035 tolerabilia
857 970 1031 1048 uideantur,
1052 989 1123 1034 eum
1140 989 1195 1053 per
1212 989 1246 1035 se
1263 971 1342 1055 ipsa,
1394 1058 1397 1062 Α

224 1061 251 1141 si
274 1077 515 1155 considerentur,
541 1077 689 1154 sustineri
710 1095 771 1141 non
793 1074 939 1158 possint?

238 1255 247 1277 x
267 1184 319 1246 48.
344 1181 369 1247 0
392 1198 506 1267 magua
527 1184 678 1266 patientia
699 1186 764 1261 tua,
789 1183 911 1248 domine
929 1183 1106 1248 misericors
1125 1185 1158 1248 et
1171 1184 1342 1261 miserator,

154 1330 156 1333 v
222 1288 417 1371 longanimis,
442 1293 475 1355 et
505 1291 641 1355 multum
671 1289 846 1354 misericors
879 1291 911 1354 et
938 1308 1041 1364 uorax„
1078 1288 1132 1371 qui
1161 1288 1239 1355 fucis
1271 1289 1345 1354 oriri

223 1395 322 1459 solem
344 1397 435 1459 tuum
458 1414 552 1478 super
572 1395 671 1460 bonos
694 1397 727 1459 et
749 1397 858 1472 malos,
886 1394 968 1477 pluis
997 1413 1090 1478 super
1114 1394 1215 1459 iustos
1239 1397 1271 1458 et
1291 1395 1336 1457 in·
1362 1412 1387 1452 ro

222 1499 342 1573 iustos3
367 1501 421 1582 qui
444 1520 505 1565 non
527 1499 578 1564 uis
596 1504 728 1565 mortem
746 1499 929 1582 peccatoris,
948 1502 1099 1581 quantum
1116 1502 1154 1564 ut
1170 1503 1344 1565 reuertatur

224 1609 257 1671 et
278 1607 384 1680 uiuat;
418 1607 472 1689 qui
497 1607 637 1690 partibus
668 1607 835 1689 corripiens
863 1607 917 1670 das
939 1607 1046 1671 locum
1068 1606 1285 1690 paenitentiae,
1308 1610 1345 1670 ut

204 1708 332 1774 'relicta
358 1712 478 1775 malitia
505 1712 632 1777 credant
658 1713 690 1776 in
717 1714 758 1790 te,
789 1712 929 1803 domium
963 1712 1016 1795 qui
1045 1711 1197 1795 patientia
1222 1714 1278 1776 tua
1305 1711 1344 1776 ad

223 1817 445 1898 paenitentiam
460 1817 599 1894 adducis,
615 1817 757 1900 quamuis
776 1817 870 1881 multi
888 1811 1060 1882 secundum
1079 1817 1224 1881 duritiam
1243 1817 1343 1883 cordis

225 1922 277 1986 sui
303 1925 336 1987 et
366 1923 559 2007 inpoenitens
584 1943 636 1989 cor
661 1924 873 1996 thesaurizent
900 1924 960 1988 sibi
983 1924 1061 1987 iram
1087 1923 1119 1987 in
1147 1923 1196 1988 die
1221 1924 1285 1988 irae
1314 1926 1346 1989 et
1363 1941 1388 1980 1⁶

224 2029 424 2095 reuelationis
446 2030 524 2094 iusti
544 2030 654 2095 iudicii
675 2031 741 2106 tui;
772 2031 826 2112 qui
851 2029 954 2094 reddis
982 2029 1150 2113 unicuique
1173 2031 1346 2094 secundum

225 2154 318 2217 opera
341 2155 415 2210 sua;
439 2137 545 2219 quiin
569 2138 702 2220 quadie
729 2156 899 2202 conuersus
924 2136 1019 2200 fuerit
1040 2135 1133 2200 homo
1162 2154 1180 2198 a
1205 2137 1347 2217 nequitia

225 2259 283 2304 sua
315 2241 354 2305 ad
384 2243 640 2308 misericordiam
656 2247 687 2308 et
713 2243 879 2308 ueritatem
905 2246 1003 2319 tuam,
1031 2260 1138 2307 omnes
1164 2241 1345 2322 iniquitates

226 2347 293 2412 eius
326 2349 541 2413 obliuisceris:
573 2352 696 2433 praesta
727 2349 828 2427 nobis,
861 2349 900 2412 da
931 2348 1030 2426 nobis,
1062 2350 1099 2410 ut
1124 2367 1179 2430 per
1205 2350 1345 2412 nostrum

225 2453 445 2534 ministerium,
471 2474 531 2536 quo
555 2455 758 2520 execrabilem
781 2458 813 2519 et
831 2454 926 2520 vnimis
949 2453 1129 2518 horribilem
1155 2454 1238 2517 hune
1265 2471 1346 2516 erro-
1363 2473 1389 2511 ro

224 2577 289 2622 rem
322 2559 467 2644 redargui
498 2560 639 2638 uoluisti,
668 2562 751 2626 sieut
775 2560 838 2624 iam
865 2560 957 2623 multi
984 2559 1106 2624 liberati
1133 2562 1216 2636 sunt,
1241 2561 1270 2622 et
1293 2558 1346 2621 alii

223 2664 395 2729 liberentur
417 2668 449 2731 et
472 2666 539 2730 siue
566 2685 621 2749 per
648 2669 875 2730 sacramentum
903 2666 1003 2731 sancti
1029 2664 1177 2748 baptismi
1203 2664 1250 2727 tui
1278 2664 1345 2728 siue

224 2788 280 2852 per
302 2772 488 2836 sacmficium
513 2773 713 2838 contribulati
736 2773 863 2857 spiritus
882 2775 914 2836 et
932 2772 1033 2837 cordis
1052 2771 1178 2837 contriti
1196 2774 1228 2835 et
1244 2771 1345 2834 humi-

223 2875 293 2939 liati
320 2875 352 2940 in
381 2876 486 2943 dolore
513 2877 720 2960 paenitentiae
747 2877 961 2943 remissionem
988 2880 1186 2960 peccatorum
1210 2879 1242 2942 et
1263 2875 1344 2940 blas-

311 3117 587 3184 eof.Pou1.102,8
675 3122 707 3174 11
727 3119 759 3173 cf.
781 3119 879 3176 *Morou
898 3120 923 3184 ὃ,
941 3121 976 3173 15
1065 3119 1097 3172 12
1120 3118 1152 3172 cf.
1175 3118 1220 3172 uz.
1244 3118 1324 3182 33,1

226 3207 258 3260 13
277 3207 310 3261 cf.
330 3207 390 3276 Sap.
409 3208 487 3273 122
544 3209 578 3261 17
597 3207 628 3262 cf.
647 3209 723 3262 Rom.
741 3208 877 3278 2,4sqq.
937 3207 968 3260 19
987 3207 1018 3261 cf.
1038 3208 1083 3261 En.
1104 3207 1144 3270 18,
1164 3207 1197 3259 21
1258 3205 1343 3260 uror.

224 3294 330 3358 Pado,
350 3297 382 3350 19

260 3437 347 3489 deuo
374 3435 400 3489 G
469 3435 599 3490 felicitato
623 3437 669 3506 (iei
693 3439 724 3491 in
744 3440 812 3503 ros.)
833 3437 861 3490 A
931 3435 1055 3490 uideatur
1075 3434 1151 3489 Ρ1111
1244 3436 1341 3487 ieon—
1396 3432 1398 3436 '

225 3509 351 3579 cierentur
370 3525 406 3579 θ’
477 3529 586 3596 possent
603 3525 639 3579 P¹
658 3529 770 3596 possunt
787 3526 851 3579 L¹A
909 3525 927 3579 8
944 3525 1066 3594 potentia
1082 3524 1110 3577 A
1168 3523 1202 3576 10
1220 3521 1290 3592 pluit
1306 3522 1343 3575 P¹

226 3615 253 3667 et
270 3612 341 3683 pluis
358 3614 402 3667 Ab
456 3615 488 3667 11
508 3632 559 3684 quo
577 3614 614 3667 Ρ1
686 3613 824 3686 qnantum]
844 3617 972 3685 quantum
990 3614 1056 3684 (tum
1074 3629 1096 3666 a.
1115 3612 1132 3666 1.
1152 3628 1171 3665 a
1188 3628 1222 3665 m.
1240 3614 1265 3676 1)
1280 3609 1342 3663 PL¹

225 3699 273 3754 sed
298 3702 325 3752 A
352 3700 399 3755 sed
425 3704 530 3756 tantum
557 3701 596 3756 Li
623 3701 670 3756 sed
696 3703 781 3757 uisb
865 3704 901 3775 nt
922 3717 971 3756 om.
1002 3699 1039 3754 6¹
1122 3701 1293 3752 conuertitur
1318 3698 1344 3749 A

225 3789 259 3842 12
285 3790 371 3859 parcis
388 3790 431 3844 Lb
519 3790 624 3845 dansb
713 3792 747 3846 14
772 3790 963 3862 paenitentiam
982 3788 1014 3844 8¹
1101 3786 1257 3854 teaddueis
1276 3801 1343 3854 saep.

226 3894 259 3932 m.
278 3883 306 3943 2)
324 3881 352 3934 P
440 3880 472 3933 lb
489 3881 657 3950 inpoenitens
676 3880 708 3936 8¹
780 3897 824 3934 eor
840 3878 1034 3950 impenitensb
1123 3877 1155 3930 16
1172 3876 1226 3945 tui]
1244 3874 1272 3928 dr
1290 3873 1348 3927 AV

226 3967 254 4022 dl
271 3969 313 4022 tui
330 3968 357 4023 L
426 3967 515 4024 reddis
532 3969 570 4023 Ρ1
661 3970 692 4023 17
715 3969 742 4023 in
769 3969 790 4036 (i
807 3985 827 4023 o.
848 3968 865 4022 t.
886 3985 903 4021 a
921 3984 955 4020 m.
975 3967 1002 4036 2)
1021 3966 1049 4020 P
1118 3980 1282 4035 quacumque
1301 3961 1344 4016 Lb

227 4057 259 4110 18
279 4067 307 4111 et
324 4057 465 4112 ueritatem
483 4071 533 4110 om.
552 4055 567 4108 b
658 4057 690 4110 19
709 4057 753 4126 dal
771 4055 841 4110 done
858 4054 966 4109 PAVG
1055 4053 1089 4106 24
1113 4051 1293 4123 poeniteutiae
1313 4048 1345 4104 15¹¹

225 4142 406 4217 poenitentiae
427 4148 452 4209 (o
471 4161 491 4199 a.
511 4145 527 4198 l.
549 4161 617 4200 am.
642 4144 662 4212 l)
680 4144 708 4198 P
