2940 4628
392 276 450 330 vll.
473 275 616 332 Contra
637 276 806 331 Felicem
833 275 898 331 lib.
926 278 962 331 II.
1171 281 1235 345 829

112 472 311 536 tenebrarum
344 472 376 535 et
406 469 573 535 miscuisse
600 472 727 534 nat-urae
760 471 945 536 daemonum
976 471 1178 555 polluendam
1207 476 1239 538 et

112 575 272 660 ligandam
294 586 416 659 partem
439 595 538 655 snam,
563 595 641 659 quae
670 576 731 642 hoc
759 577 918 660 estquod
945 577 1023 661 ipse,
1051 580 1118 642 tam
1145 579 1238 644 sacri·

111 682 219 767 legum
244 687 302 762 est,
330 685 367 746 ut
395 682 467 748 lomi
492 684 530 748 ab
558 682 758 749 audientibus
784 683 837 748 uix
872 684 983 768 possit.
1015 684 1076 749 hoc
1103 684 1239 750 obicitur

111 788 212 872 primo
236 791 341 854 sectae
364 791 488 854 uestrae
509 825 546 835 -
568 789 641 854 siue·
654 789 779 853 initium
797 789 858 854 hoc
876 808 981 869 uoces,
1000 789 1069 854 siue
1086 789 1236 870 medium,

85 894 181 959 osiue
204 894 309 974 linem,
338 914 400 960 non
423 894 517 960 ualde
539 894 572 959 id
595 913 687 972 curor
719 895 780 961 hoc
806 897 912 959 tamen
940 895 977 960 de
1004 895 1063 962 hac
1090 897 1237 979 epistula,

113 1020 206 1083 quam
229 1000 337 1067 fatoris
361 1020 431 1068 csse
454 1002 642 1082 Manichaei,
663 1003 783 1068 lectum
806 1021 874 1068 csse
903 1023 964 1068 non
992 1021 1089 1086 negas
1111 1039 1155 1049 —
1177 1004 1235 1068 hoo

111 1106 203 1173 nobis
227 1108 373 1186 obicitur,
401 1107 461 1173 hoc
489 1108 630 1187 defende,
659 1108 687 1173 si
712 1111 814 1193 potes,
843 1112 881 1172 ut
907 1108 1034 1178 adalia
1060 1109 1234 1174 ueniamus.

93 1213 194 1295 unde
215 1214 329 1279 iterum
352 1214 530 1300 interrogo:
559 1215 587 1280 si
610 1214 704 1280 deum
725 1215 995 1297 incorruptibilem
1018 1215 1131 1293 colitis,
1160 1216 1234 1298 quid

111 1319 140 1384 ei
162 1339 273 1386 nocere
295 1322 420 1404 poterat
441 1321 547 1386 nescio
571 1339 649 1403 quac
668 1340 744 1406 gens
762 1321 904 1399 aduersa,
928 1340 1022 1404 quam
1039 1320 1183 1406 fingitis?
1208 1320 1233 1384 si

66 1445 92 1495 to
110 1425 195 1489 nihil·
213 1426 242 1491 ei
264 1445 376 1492 nocere
398 1428 531 1512 poterat,
556 1427 644 1492 nulla
664 1427 726 1492 fuit
749 1445 853 1506 causa,
869 1445 970 1509 quare
997 1430 1116 1511 partem
1145 1444 1232 1493 suam

110 1535 239 1598 naturae
263 1533 451 1600 daemonum
475 1535 710 1611 commiscer·et;
741 1535 768 1599 si
791 1537 896 1599 autem
918 1552 1029 1600 nocere
1053 1532 1081 1597 ei
1103 1535 1234 1616 poterat,

110 1662 170 1708 nou
195 1643 289 1708 deum
311 1641 580 1724 incorruptibilem
604 1641 719 1708 colitis

156 1751 185 1814 2.
208 1749 288 1812 ΓΕΒ.
308 1747 403 1811 dixit:
426 1748 630 1813 Manichacus
654 1732 730 1812 dicit
752 1747 830 1812 duas
853 1765 922 1811 esse
945 1750 1072 1811 naturas
1091 1749 1123 1809 st
1140 1747 1233 1812 modo

108 1854 181 1919 inde
201 1854 356 1936 culpatur,
376 1853 450 1936 quia
468 1853 545 1918 dixit
563 1853 640 1918 duas
660 1872 738 1932 esse,
757 1854 871 1918 bonam
891 1855 923 1917 et
939 1854 1064 1918 malam.
1089 1852 1232 1918 Christus

65 1976 91 2016 1⁵
108 1960 140 2024 in
160 1960 325 2044 euangelio
346 1959 423 2024 duas
443 1959 520 2025 dicit
538 1979 607 2024 esse
626 1961 769 2026 arbores:
793 1959 900 2024 arbor
921 1958 1016 2022 bona
1038 1977 1233 2041 numquam

109 2067 204 2132 facit
226 2067 391 2130 fructum
418 2066 569 2144 malum,
599 2069 635 2130 et
662 2066 769 2130 arbor
795 2065 891 2129 mala
917 2083 1114 2147 numquam
1140 2065 1233 2129 lacit

108 2173 272 2238 fructum
299 2173 444 2237 bonum.
484 2190 555 2236 ecce
583 2172 660 2235 duas
687 2173 824 2236 naturas.
862 2170 972 2235 deinde
1004 2170 1036 2234 in
1069 2171 1232 2254 euangelio

109 2279 352 2361 scriptumest:
386 2296 504 2341 nonne
526 2278 661 2342 bonum
685 2296 805 2341 semen
836 2276 1032 2341 seminasti
1059 2276 1095 2340 in
1123 2280 1231 2359 agro?

108 2384 203 2448 unde
236 2383 490 2466 adparuerunt
522 2383 684 2447 zizania?
723 2382 792 2447 hoc
822 2381 999 2447 inimicus
1031 2381 1132 2447 fecit.
1169 2383 1231 2448 iste

63 2489 253 2555 sinimicus
282 2488 309 2554 si
336 2508 398 2553 non
426 2491 476 2552 est
503 2491 665 2553 extraneus
693 2507 711 2552 a
739 2488 806 2567 deo,
839 2489 987 2570 probetur
1012 2487 1108 2564 mihi;
1132 2489 1170 2554 si
1192 2489 1232 2552 ad

107 2594 200 2659 deum
222 2593 359 2679 pertinet
379 2593 528 2658 inimicus
550 2593 621 2671 iste,
642 2594 732 2676 quale
756 2611 861 2659 semen
886 2593 1076 2658 seminauit?
1098 2593 1176 2657 item
1198 2593 1230 2658 in

107 2700 269 2785 euangelio
304 2698 456 2782 scriptum
489 2702 538 2763 est
565 2689 689 2764 Christo
722 2698 854 2778 dicente,
888 2699 961 2781 quia
987 2699 1020 2762 in
1047 2699 1229 2764 nouissimis

105 2805 299 2889 temporibus
322 2805 470 2870 thronum
487 2804 519 2868 in
538 2804 641 2870 medio
660 2805 784 2870 saeculo
803 2808 899 2888 ponet
921 2808 953 2870 et
974 2805 1081 2870 mittet
1103 2806 1230 2889 angelos

106 2931 180 2977 suos
203 2912 236 2976 in
260 2911 411 2978 orientem
434 2912 466 2975 et
489 2910 693 2990 occidentem,
712 2911 955 2993 septentrionem
974 2914 1006 2976 et
1022 2911 1226 2976 meridianum

62 3033 87 3073 2⁶
106 3020 138 3082 et
160 3016 364 3103 congregabit
387 3002 495 3083 omnes
517 3018 627 3101 gentes
649 3019 721 3081 ante
744 3035 777 3082 se
801 3019 834 3081 et
855 3006 1012 3100 separabit
1033 3017 1117 3096 illos,
1146 3017 1231 3082 siout

103 3127 212 3207 pastor
244 3127 369 3207 separat
401 3144 498 3209 agnos
531 3125 568 3189 eb
600 3124 718 3189 haedis.
752 3128 785 3189 et
815 3126 852 3188 ut
883 3124 1087 3209 compendiue
1115 3124 1226 3202 dicam,

104 3231 193 3314 agnis
212 3230 316 3296 dicet:
339 3231 395 3296 ite
417 3232 454 3297 in
477 3249 638 3314 regnum,
663 3231 760 3321 quod
782 3229 891 3296 uobis
913 3232 1081 3314 paratum
1105 3233 1164 3296 ost
1186 3232 1227 3295 ab

98 3336 249 3420 origine
281 3337 417 3402 mundi.
450 3337 559 3402 haedis
591 3337 684 3417 dicet,
717 3337 772 3420 qui
801 3337 835 3401 in
866 3336 994 3408 sinistra
1018 3340 1106 3420 parte
1135 3341 1229 3402 sunt:

103 3443 268 3507 recedite
298 3462 316 3506 a
342 3463 412 3523 me,
441 3444 504 3527 qui
532 3443 676 3527 operati
703 3442 797 3508 estis
831 3442 1083 3525 iniquitatem3
1115 3462 1228 3508 nomen

63 3565 88 3604 so
104 3547 187 3612 enim
209 3568 315 3613 meum
339 3550 506 3628 habuistis,
531 3550 587 3615 sed
610 3568 702 3633 opera
724 3569 785 3615 non
807 3548 949 3625 fecistis;
973 3549 1024 3614 ite
1049 3549 1084 3613 in
1107 3549 1228 3632 ignem

104 3658 309 3734 aeternum,
344 3656 406 3738 qui
438 3659 591 3739 paratus
622 3658 680 3721 est
711 3656 861 3720 diabolo
894 3657 931 3719 et
957 3655 1101 3740 angelis
1135 3656 1227 3720 eius.

191 3795 224 3848 15
242 3794 338 3851 Matth.
358 3795 382 3860 7,
402 3795 434 3848 17
499 3794 532 3849 18
549 3795 646 3849 Matth.
667 3794 707 3858 13,
726 3794 759 3848 27
779 3811 818 3864 sq.
886 3795 919 3847 27
937 3795 1033 3849 Matth.
1053 3796 1095 3856 23.
1114 3796 1146 3849 31
1167 3811 1225 3864 sqq.

137 3899 331 3970 2litigandam
346 3899 374 3954 R
426 3899 505 3954 3uix
519 3899 689 3969 postferrib
759 3899 926 3954 auditoribus
941 3900 968 3954 P
1019 3899 1226 3955 lobbioiturld

102 3989 260 4060 9potiritb
374 3987 454 4058 fingis
472 3987 500 4042 R
599 3987 632 4042 10
649 4005 728 4043 causa
746 3988 833 4042 luitb
928 3989 961 4043 12
981 3988 1178 4060 corruptibilem
1196 3991 1224 4044 It

104 4077 136 4131 15
154 4076 220 4130 dicit
237 4068 338 4130 duasb
393 4076 425 4130 17
444 4075 558 4130 fructum
575 4075 675 4130 malum
692 4075 791 4130 bonum
809 4075 837 4130 R
900 4075 933 4129 18
950 4077 1049 4145 nonne]
1067 4075 1223 4145 nunquidb

100 4166 135 4218 24
153 4166 290 4220 meridiem
309 4167 325 4219 b
380 4165 414 4219 28
432 4164 490 4235 edis
508 4166 535 4218 P
551 4164 627 4219 hedis
649 4163 721 4220 TSR
774 4165 808 4217 29
827 4164 998 4236 iniquitatem
1016 4181 1065 4219 om.
1083 4164 1111 4219 R
