2940 4628
228 248 293 312 806
565 243 591 297 S.
618 242 754 297 Aureli
780 242 994 312 Augustini

229 436 928 515 6111116116,16611111661111611161116
948 437 1028 501 eius
1048 437 1244 502 nobiscum
1263 457 1356 505 esse.

229 546 266 608 et
288 542 427 609 statuit
451 542 553 622 duos,
576 543 726 626 Ioseph,
757 542 820 625 qui
847 544 1052 608 uocabatur
1073 543 1269 624 Barsabas,
1294 546 1358 628 qui

229 662 266 714 et
282 651 425 727 Iustus,
444 651 481 713 et
497 649 705 714 Matthiam.
733 652 770 714 et
792 652 969 732 precatus
993 648 1101 714 dixit:
1124 653 1176 730 111,
1200 651 1357 730 domine,

231 754 355 820 cordis
388 754 549 821 omnium
580 754 816 832 intellector,
850 755 1004 820 ostende
1038 775 1078 819 ex
1108 756 1167 821 his
1199 755 1358 837 duobus,

231 880 339 944 quem
376 860 532 945 elegisti
563 860 607 924 ad
640 860 922 944 suscipiendum
952 862 1077 926 locum
1108 861 1221 928 huius
1253 861 1356 932 mini·
1389 880 1402 921 s

232 966 346 1056 sterii
368 970 405 1032 et
426 966 743 1046 adnuntiatione,
771 985 790 1031 a
817 986 887 1049 qua
915 968 1080 1033 excessit
1101 967 1213 1034 Iudas
1237 968 1357 1056 ambu-

231 1073 310 1138 lare
328 1072 365 1136 in
384 1063 508 1138 locum
526 1091 641 1138 suum.
662 1075 699 1138 61
717 1073 901 1138 dederunt
919 1077 1040 1139 sortes
1059 1091 1144 1139 suas
1164 1078 1201 1139 et
1218 1073 1359 1139 cecidit

232 1198 311 1244 sors
335 1197 447 1262 super
463 1172 665 1245 Matthiam
688 1183 726 1245 ct
749 1180 863 1245 simul
886 1180 1089 1264 deputatus
1113 1182 1170 1244 est
1193 1198 1275 1254 cum
1296 1167 1357 1244 un-

234 1283 353 1348 decim
388 1283 574 1367 apostolis
614 1284 866 1350 duodecimus.
905 1288 937 1349 61
973 1305 1045 1350 cum
1076 1284 1227 1369 legisset,
1261 1283 1356 1350 dixit:

234 1388 434 1468 Audiuimus,
454 1389 524 1473 quis
548 1389 708 1456 ordinatus
727 1393 776 1456 est
789 1390 822 1455 in
844 1391 951 1456 locum
968 1391 1065 1456 Iudae
1082 1390 1253 1469 traditoris,
1272 1390 1357 1474 quod
1377 1410 1402 1448 ιο

235 1495 329 1575 paulo
353 1497 424 1560 ante
448 1496 700 1574 commemoraui,
729 1515 767 1562 ne
795 1496 961 1578 quisquam
987 1516 1044 1580 per
1070 1496 1210 1561 fraudem
1236 1496 1359 1579 inrepat

231 1598 264 1663 in
288 1601 502 1683 apostolorum
525 1620 689 1666 numerum
708 1604 740 1666 et
756 1601 881 1667 nominc
899 1603 1094 1685 apostolatus
1112 1602 1203 1666 fallat
1219 1602 1356 1687 ignaros.
1414 1637 1415 1640 ¹

277 1706 307 1772 5.
344 1706 435 1771 Nunc
475 1706 651 1785 uideamus,
683 1707 767 1789 quod
806 1707 1018 1791 promisimus,
1052 1707 1208 1790 quomodo
1239 1707 1358 1792 inpleta

234 1810 277 1875 sit
299 1809 417 1876 Christi
439 1811 604 1892 promissio
628 1811 666 1876 de
690 1812 801 1895 spiritu
824 1815 943 1879 sancto.
966 1816 998 1878 61
1021 1832 1093 1878 cum
1116 1813 1255 1906 dixisset,
1278 1813 1359 1898 legit

234 1915 266 1979 in
288 1917 377 1995 loco:
401 1920 579 2000 ternpore,
604 1937 673 1999 quo
698 1918 897 2001 subpletus
921 1922 979 1984 est
1000 1918 1079 1983 dies
1102 1921 1355 2006 pentecostes,
1373 1938 1397 1979 11

229 2020 387 2087 fuerunt
409 2042 535 2089 omnes
559 2023 672 2088 simul
699 2023 734 2088 iu
762 2043 843 2089 uno.
877 2026 912 2088 61
933 2024 1058 2089 factus
1082 2027 1141 2090 est
1163 2025 1288 2090 subito
1313 2025 1357 2090 dc

229 2128 333 2193 caelo
362 2147 493 2208 sonus,
521 2129 629 2211 quasi
655 2129 818 2195 ferretur
845 2130 965 2195 ssatus
997 2131 1211 2210 uehemens,
1240 2131 1354 2208 etin·

228 2232 354 2320 pleuit
375 2236 494 2300 totam
516 2233 625 2299 illamv
645 2235 800 2315 domum,
824 2236 860 2300 in
884 2255 955 2320 qua
977 2239 1082 2300 erant
1105 2236 1291 2302 sedentes.
1320 2242 1357 2302 et

229 2339 336 2405 uisae
360 2344 448 2406 sunt
468 2341 550 2407 illis
573 2332 724 2427 linguae
744 2341 893 2407 diuisae
912 2342 1018 2425 quasi
1036 2342 1146 2426 ignis,
1170 2342 1232 2427 qui
1251 2345 1288 2407 61
1305 2345 1355 2409 in·

230 2444 330 2510 sedit
365 2465 478 2531 super
512 2466 811 2531 unumquemque
848 2468 982 2514 eorum.
1024 2451 1061 2513 61
1095 2448 1233 2532 inpleti
1269 2455 1401 2516 sunt·⁰

230 2569 350 2616 omnes
388 2554 529 2635 spiritu
561 2556 690 2620 sancto
719 2557 756 2620 et
782 2557 987 2638 coeperunt
1012 2554 1117 2636 loqui
1143 2555 1260 2621 uariis
1288 2556 1354 2621 lin-

229 2656 314 2739 guis
342 2657 525 2740 quomodo
550 2659 710 2742 spiritus
732 2660 842 2726 dabat
865 2660 926 2727 eis
945 2660 1196 2742 pronuntiare.
1228 2662 1353 2728 Hiero·

230 2763 389 2845 solymis
422 2767 545 2829 autem
572 2764 726 2830 fuerunt
755 2766 988 2832 habitatores
1015 2766 1158 2845 Iudaei,
1186 2767 1354 2835 homines

230 2888 271 2933 er
306 2869 404 2935 omui
435 2870 599 2950 natione,
628 2891 720 2954 quae
748 2874 805 2937 est
832 2872 899 2936 sub
927 2872 1040 2937 caelo.
1075 2873 1111 2935 61
1142 2891 1222 2936 curn
1253 2874 1355 2939 facta

230 2976 335 3039 esset
370 2992 456 3054 uox,
488 2975 651 3040 collecta
682 2978 740 3040 est
770 2977 879 3041 turba
911 2979 946 3041 et
978 2976 1147 3057 confusa,
1181 2979 1399 3060 quoniame

233 3079 412 3144 audiebat
441 3079 702 3162 unusquisque
735 3099 800 3145 suo
833 3100 998 3148 sermone
1031 3085 1068 3148 et
1100 3084 1179 3149 suis
1211 3085 1353 3169 linguis

229 3187 428 3268 loquentes
453 3203 526 3252 eos.
559 3187 763 3269 stupebant
789 3190 912 3253 autem
941 3191 977 3254 61
1004 3189 1283 3255 admirabantur
1311 3193 1355 3256 ad

229 3290 393 3356 inuicem
422 3291 606 3356 dicentes:
639 3310 758 3357 noune
785 3310 925 3372 omnes,
958 3293 1021 3376 qui
1051 3293 1270 3376 loquuntur,
1298 3316 1354 3361 na·

230 3396 332 3462 tione
355 3400 444 3462 sunt
466 3395 654 3462 Galilaei?
688 3398 725 3461 et
747 3398 927 3480 quomodo
951 3399 1189 3483 agnoscimus
1213 3401 1354 3467 inillis

229 3521 444 3580 sermonem,
472 3502 509 3566 iu
537 3521 608 3584 quo
625 3502 717 3567 nati
744 3507 893 3568 sumus?
924 3504 1063 3583 Parthi,
1091 3506 1191 3570 Medi
1218 3509 1254 3571 et
1275 3507 1353 3572 nla—
1371 3528 1398 3569 sc

316 3717 350 3771 15
367 3719 426 3774 Act.
445 3718 467 3782 2,
492 3717 507 3770 1
526 3735 583 3788 sqq.

265 3856 453 3912 2uocaturb
523 3856 653 3923 barnabas
676 3860 746 3930 (sup.
768 3877 786 3924 n
809 3876 828 3913 a
849 3861 1008 3929 m.1s)1'
1092 3861 1255 3917 311111ιί1111
1277 3863 1354 3918 TPR

228 3945 418 3999 4cordiun1h
506 3947 705 4002 tumbularib
795 3950 890 4003 leuas
909 3966 960 4004 om.
979 3950 1001 4004 hl
1079 3949 1205 4021 81111111]
1223 3951 1353 4006 similist

229 4033 262 4086 12
279 4049 388 4088 numero
405 4034 460 4090 PR
508 4035 542 4089 16
560 4052 639 4090 sonus
658 4035 690 4091 de
709 4037 765 4108 celo
782 4037 811 4092 R
858 4037 893 4092 10
915 4038 1024 4098 1111111111
1039 4038 1081 4094 Po
1130 4041 1162 4095 ‘21
1183 4039 1356 4111 ceperuntT

229 4122 264 4174 22
282 4121 367 4175 illisb
412 4123 446 4176 2b
465 4123 573 4177 confusa
592 4123 662 4178 esth
712 4125 748 4178 27,
764 4125 972 4181 ammirabantur
984 4125 1035 4183 ΡΒ
1080 4126 1115 4181 30
1133 4131 1162 4183 61
1178 4126 1250 4182 medi
1262 4127 1354 4184 Pano
