2940 4628
604 220 817 275 Praesatio.
1154 224 1269 289 XLVfl

192 410 339 476 Godicem
369 412 589 476 Monacensem
620 415 695 478 ncta
724 412 779 476 illa
804 412 1011 478 bibliothecae
1038 414 1262 496 praefectorum

145 515 332 582 liberalitate
355 517 571 582 Vindobonam
593 518 812 583 transmissum
835 537 915 584 anno
940 520 1023 584 1886
1046 520 1113 602 ipse
1136 522 1264 585 contuli.

190 620 292 686 Codex
320 620 527 704 sangallensis
557 643 685 689 numero
719 625 781 688 173
812 625 979 709 insignitus
1010 626 1263 691 membranaceus
1296 605 1317 672 S

144 727 245 792 forma
267 746 379 812 magna
400 729 582 812 paginarum
606 731 668 793 399
688 731 813 795 saeculo
832 729 924 793 Vllll
943 731 1078 812 scriptus
1101 734 1158 795 est.
1183 744 1265 796 ccm-

144 837 337 899 memcratur
368 835 450 899 enim
481 835 562 899 inter
593 855 646 900 eos
676 835 783 914 libros,
811 854 889 918 quos
917 837 1064 915 ‘petracii
1089 833 1265 900 Grimoldus

143 937 223 1002 abda
239 941 274 1003 ic
291 941 473 1004 monasterio
493 938 525 1006 S.
545 939 629 1005 Galli
646 943 681 1004 c'a
699 941 802 1005 (imbres
815 939 990 1004 Hludcwa'ca'
1002 942 1081 1022 repis
1100 939 1264 1006 Germorac'e

144 1064 212 1108 cum
243 1045 396 1109 adiutorio
417 1045 581 1110 Harmoti
600 1048 771 1127 praepositi
801 1047 931 1127 scalper
961 1067 1059 1110 canos
1090 1047 1207 1127 repenti
1238 1050 1265 1110 et

144 1154 249 1213 uarrm'
281 1152 366 1219 Mon.
400 1152 503 1217 Germ.
536 1152 567 1216 ll
591 1153 643 1216 70.
668 1154 718 1218 15.
741 1152 821 1216 liber
843 1152 961 1234 primus
984 1152 1081 1236 (Mon.
1106 1151 1209 1220 cerm.
1232 1151 1264 1215 II

145 1257 197 1320 70.
217 1258 258 1321 15
282 1259 390 1322 contra
406 1258 560 1325 Faustum
577 1257 776 1322 Manicheum
794 1257 890 1321 libros
910 1256 988 1321 duos
1007 1257 1039 1320 in
1056 1257 1215 1321 uolumine
1233 1253 1262 1341 l)

142 1361 272 1445 paginas
293 1363 421 1427 1-246
441 1362 531 1425 ‘Aca
550 1362 718 1444 Augustini
740 1363 889 1426 aduersus
911 1361 1047 1441 facetum
1065 1360 1262 1424 Manicheam

142 1467 282 1530 uolumen
307 1469 446 1549 primam
477 1469 606 1549 explicit.
639 1469 755 1549 bcmpit
778 1469 933 1559 ‘mamacas
964 1467 1089 1531 maciem
1120 1466 1169 1529 ecel
1198 1468 1262 1531 eiam

140 1571 261 1637 Mesia
279 1572 315 1637 cie
328 1575 395 1638 cita
406 1574 659 1654 patriarcharum
676 1553 779 1639 collirio
792 1573 842 1636 Il’
858 1577 999 1656 occupat,
1014 1573 1093 1637 liber
1106 1572 1260 1637 secundus

142 1697 215 1762 pag.
240 1680 414 1744 aco-399
434 1679 581 1760 ‘Explicit
602 1680 677 1743 iiber
694 1679 816 1743 Aurelii
832 1659 912 1762 Aa}
922 1665 971 1760 epi
988 1676 1093 1742 ccat'ra
1110 1676 1260 1742 Faustum

142 1781 341 1849 Manicheum
356 1785 519 1849 saccariam
538 1786 680 1850 columen
693 1786 730 1849 de
742 1787 810 1848 cita
821 1784 1072 1866 patriarcharum
1088 1783 1138 1846 ecel
1153 1783 1261 1864 speras

135 1889 356 1970 prophetarum
377 1874 419 1954 dc
434 1892 554 1974 pretias
575 1890 685 1954 Aaaea'
709 1891 893 1956 continetur.
926 1889 1021 1954 codex
1052 1908 1113 1953 non
1136 1888 1173 1952 ab
1196 1907 1258 1954 uno

142 1994 197 2059 sed
216 2013 234 2059 a
250 1995 394 2078 pluribus
416 1996 552 2060 librariis
571 1995 765 2078 conscriptus
788 1998 846 2074 est,
866 1995 950 2076 quod
967 2014 1028 2059 non
1052 1994 1152 2058 solum
1176 2011 1259 2058 ccm-

139 2099 324 2182 pendiorum
355 2100 520 2185 generibus
552 2103 584 2164 et
615 2101 785 2184 scripturae
816 2100 936 2172 maridis
968 2099 1024 2163 sed
1055 2099 1148 2162 etiam
1185 2097 1257 2162 iude

139 2206 350 2290 cognoscitur,
374 2206 458 2288 quod
482 2208 552 2269 ante
575 2225 674 2271 nouos
696 2206 864 2271 fasciculos
887 2205 1009 2269 litterae
1031 2223 1049 2267 a
1072 2204 1181 2268 scribis
1204 2205 1258 2268 aut

137 2309 253 2374 mnam
274 2311 307 2375 in
329 2311 458 2376 modum
482 2311 648 2377 distractae
671 2314 754 2390 sunt,
774 2312 828 2393 qui
846 2310 974 2374 ultimas
991 2309 1120 2394 paginas
1140 2309 1258 2391 explere

139 2415 310 2491 studerent,
334 2419 390 2480 aut
412 2417 516 2481 omnia
538 2416 570 2480 in
593 2417 690 2481 artius
709 2416 977 2492 constrictacum
995 2414 1137 2479 uiderent
1157 2413 1258 2498 longi·

136 2520 240 2584 tudini
263 2521 412 2587 orationis
435 2521 571 2604 spatium
593 2522 645 2586 uix
668 2523 821 2587 sufficere.
846 2522 883 2586 de
907 2524 990 2586 certo
1014 2519 1183 2584 scribarum
1201 2538 1257 2583 nu·

137 2644 236 2704 merc,
260 2627 315 2707 qui
339 2627 371 2690 in
394 2627 556 2692 scribendo
576 2646 610 2692 se
629 2630 823 2710 exceperunt,
847 2627 923 2692 certi
944 2625 1115 2707 quidquam
1138 2622 1258 2687 definiri

137 2731 216 2795 nihil
246 2732 350 2799 refert.
382 2736 503 2815 praeter
533 2733 727 2798 librariorum
755 2735 956 2810 correcturas,
980 2730 1035 2813 qui
1055 2732 1158 2812 partes
1181 2747 1200 2792 a
1222 2747 1255 2793 se

137 2835 294 2902 contectas
317 2839 572 2916 retractauerunt
596 2837 725 2902 duarum
748 2857 895 2903 manuum
928 2834 1147 2918 castigationes
1171 2833 1255 2898 dinc-

138 2945 277 3008 scuntur.
297 2960 389 3025 saepe
407 2943 439 3006 in
457 2943 594 3026 margine
617 2944 706 3027 signa
724 2946 930 3009 correctorum
949 2942 1114 3006 occurrunt
1131 2939 1209 3003 uitia
1222 2940 1254 3003 in

135 3046 241 3112 uerbis
263 3046 436 3113 indicatura
459 3051 551 3129 atque
572 3049 636 3114 lcci
657 3049 785 3114 indicati
805 3047 934 3113 correcti
950 3046 983 3110 in
1000 3045 1157 3129 margine;
1181 3047 1255 3109 sunt

137 3154 243 3217 autem
266 3153 321 3217 alii
342 3153 414 3230 loci,
433 3154 488 3218 ubi
506 3154 690 3237 corruptelis
712 3154 834 3218 medela
860 3173 920 3218 non
949 3152 992 3216 sit
1012 3151 1117 3216 allata.
1135 3151 1253 3233 passim

136 3261 292 3343 margines
310 3259 404 3324 etiam
422 3261 550 3340 scholia,
569 3260 674 3341 qualia
691 3261 752 3325 duo
771 3259 906 3337 codices,
925 3276 1003 3341 quos
1022 3255 1251 3339 suprascripsi,

136 3381 208 3445 prae
240 3383 275 3429 ee
307 3364 420 3441 ferunt,
454 3365 585 3431 offerunt
612 3366 649 3430 ab
682 3365 861 3430 auctoribus
884 3363 979 3428 uariis
1005 3361 1152 3446 profecta.
1174 3360 1253 3424 liber

137 3468 280 3549 quamuis
311 3471 359 3534 tot
390 3475 578 3536 correcturas
602 3475 744 3555 expertus
767 3475 870 3535 tamen
892 3470 971 3535 bene
993 3466 1102 3532 multis
1130 3464 1250 3530 lacunis
1330 3509 1332 3513 .

136 3572 317 3655 inquinatus
340 3577 398 3639 est.
423 3576 478 3639 sed
495 3596 534 3640 ue
553 3577 691 3641 codicem
709 3576 845 3662 generali
863 3578 956 3657 atque
973 3571 1133 3637 indefinita
1150 3589 1250 3653 repre·

135 3679 285 3746 honsione
316 3681 371 3746 sed
401 3682 524 3765 propria
554 3682 633 3748 uitia
663 3681 930 3747 commemorando
954 3679 1106 3754 criminer,
1130 3678 1251 3759 oportet

135 3801 186 3848 me
208 3783 314 3864 aliqua
336 3784 452 3865 afferre,
474 3787 556 3852 unde
578 3787 758 3851 lacunarum
782 3804 881 3870 genus
904 3783 1053 3867 origoque
1071 3781 1166 3847 simul
1182 3799 1251 3864 per-

32 3949 35 3955 .
134 3888 294 3973 spiciatur.
319 3894 412 3972 atque
434 3892 578 3975 peccauit
600 3891 704 3971 codex,
729 3891 819 3956 cuius
851 3888 1018 3954 auctoritas
1042 3890 1144 3952 cetera
1164 3885 1249 3950 haud

133 3994 306 4076 spernenda
328 3999 385 4076 est,
409 3999 541 4062 maxime
560 4018 606 4078 eo,
625 3997 708 4081 quod
726 3997 870 4062 similiter
886 3993 1069 4060 exeuntibus
1086 3991 1248 4059 uocabulis

132 4098 187 4163 uel
208 4103 353 4168 uersibus
377 4105 467 4170 oculo
489 4105 608 4169 librarii
631 4105 789 4169 aberrante
812 4101 930 4168 similes
952 4101 1082 4164 uoculas
1104 4098 1157 4162 uel
1179 4117 1247 4163 sen-
