2940 4628
402 298 461 351 Vll.
491 298 634 352 Contra
662 298 833 352 Felicem
862 297 977 352 libi.
1188 301 1251 363 813

118 494 264 558 troducet
285 495 318 558 in
343 512 475 559 onmem¹
488 493 665 558 ueritatem.
699 494 783 576 quod
805 497 842 557 ut
865 492 1061 577 apertissime
1092 492 1251 568 doceatur,

120 599 194 663 audi
208 599 399 682 apostolum.
419 602 452 662 et
466 617 538 662 cunr
552 598 679 676 diceret,
696 617 732 662 ex
750 600 893 682 apostolo
911 599 1009 682 legit:
1030 597 1110 662 siue
1130 600 1252 662 autem

119 705 339 788 prophetiae
357 705 640 770 euacuabuntur
663 704 744 769 siue
767 704 920 789 linguae
944 704 1147 769 cessabunt
1170 703 1251 768 siue

120 811 283 876 scientia
319 812 582 888 euacuabitur3
621 831 660 876 ex
696 813 800 895 parte
838 811 934 875 enim
972 810 1181 875 scimuset
1213 828 1252 873 ox

94 921 225 1001 aparte
247 916 531 1000 prophetamus:
561 936 642 981 cum
666 921 790 982 autem
812 917 962 982 uenerit
988 915 1086 999 quod
1112 914 1251 999 perfec·

119 1027 198 1088 tum
223 1026 290 1101 est,
320 1023 418 1106 quod
442 1042 481 1088 ex
504 1026 609 1106 parte
637 1026 704 1102 est,
733 1023 990 1088 euacuabitur.
1023 1041 1104 1087 oum
1132 1040 1252 1086 essem

120 1130 318 1213 paruulus,
351 1130 533 1212 loquebar
565 1129 673 1212 quasi
699 1129 897 1212 paruulus,
926 1129 1115 1213 sapiebam
1144 1126 1253 1210 quasi

119 1237 312 1318 paruulus,
338 1236 550 1320 cogitabam
575 1236 682 1319 quasi
704 1236 901 1319 paruulus:
931 1254 1011 1300 oum
1034 1237 1157 1298 antem
1180 1233 1251 1296 fac·

118 1345 181 1407 tns
206 1361 286 1407 sum
312 1343 380 1421 uir,
411 1343 603 1421 euacuaui,
633 1360 725 1424 quae
752 1341 903 1426 paruuli
932 1344 1046 1406 erant.
1079 1339 1250 1413 uidemus

76 1473 102 1514 m
121 1447 219 1513 enim
252 1467 349 1513 nuno
377 1468 441 1532 per
468 1449 662 1532 speculum
690 1447 726 1512 in
754 1447 979 1530 aenigmate,
1011 1450 1075 1510 tur
1128 1446 1251 1509 autem

119 1551 216 1616 facie
241 1551 283 1615 ad
307 1551 451 1617 faciem.
477 1555 509 1615 et
532 1570 603 1616 oum
624 1553 756 1636 legeret,
776 1551 870 1616 dixit:
888 1552 956 1616 Iam
980 1550 1030 1614 dic
1053 1550 1132 1614 mihi
1153 1553 1200 1629 tu,
1224 1549 1251 1614 si

118 1661 260 1739 tempora
290 1657 396 1721 futura
427 1657 602 1723 Manichaei
634 1657 834 1740 praedicebat
865 1657 1042 1740 apostolus,
1075 1659 1182 1721 utrum
1213 1659 1249 1720 tu

121 1762 232 1827 uideas
254 1764 347 1828 modo
372 1763 465 1828 deum
489 1763 567 1828 facie
592 1763 630 1827 ad
652 1763 774 1828 facicm.
1251 1747 1252 1750 ¹

166 1870 216 1933 12.
244 1869 325 1935 Fut.
350 1870 442 1934 dixit:
470 1871 542 1935 Non
564 1872 688 1934 tantum
712 1888 769 1952 ego
793 1888 931 1952 possum·
949 1871 1056 1933 contra
1077 1871 1166 1932 tuam
1188 1869 1250 1933 uir·

75 1977 233 2053 15tutcm,
258 1976 332 2058 quia
354 1977 434 2040 mira
455 1976 558 2041 uirtus
583 1978 632 2040 est
649 1975 765 2060 gradm
784 1975 990 2059 episcopalis,
1015 1974 1126 2039 deinde
1145 1977 1252 2040 contra

117 2081 206 2164 leges
236 2081 445 2164 imperatoris.
471 2085 503 2146 et
526 2081 670 2164 superius
697 2081 797 2165 petiui
825 2080 1040 2163 compendine,
1072 2084 1110 2145 ut
1137 2080 1250 2146 doceas

117 2206 178 2265 mo,
208 2187 284 2270 quid
312 2187 524 2262 minuitas:
558 2187 645 2252 etsi
673 2186 816 2252 docueris
843 2206 904 2266 mo,
938 2186 1013 2269 quid
1045 2189 1093 2252 ast
1120 2187 1248 2267 namtas,

117 2293 240 2375 parebit
262 2293 346 2376 quod
369 2300 460 2358 teneo
484 2293 683 2357 mendacium
706 2312 786 2359 esse.

161 2395 247 2462 Aue.
276 2396 372 2461 dixit:
405 2397 560 2480 Adparuit
585 2399 617 2461 te
645 2398 775 2480 probare
803 2417 865 2462 non
896 2399 1038 2480 potuisse
1070 2400 1248 2482 apostolum

74 2533 101 2572 m
119 2499 237 2570 Christi
256 2519 325 2566 esse
344 2501 583 2576 Manichaaum3
608 2520 703 2584 quare
726 2504 832 2566 autom
855 2521 916 2567 non
939 2502 1089 2585 potueris,
1112 2502 1250 2568 breuiter

119 2623 247 2688 expono.
273 2605 379 2670 dixisti
396 2604 469 2670 inde
486 2608 519 2669 te
537 2606 667 2688 probare
685 2605 905 2671 Manichaeum
924 2607 1102 2690 apostolum
1121 2607 1249 2688 Christi,

119 2711 193 2793 quia
206 2713 400 2794 paracletum
416 2714 586 2776 uenturum
599 2711 744 2794 promisit
758 2711 902 2777 Christus
922 2712 1066 2795 spiritum
1085 2718 1248 2793 sanctum;

119 2820 151 2881 et
183 2818 257 2900 quia
289 2837 351 2882 non
382 2818 550 2898 inuenires,
580 2819 703 2901 quando
732 2819 863 2898 uenerit,
892 2819 1152 2903 quemchristus
1179 2841 1248 2905 pro-

117 2923 215 3003 misit,
239 2924 313 2989 hinc
336 2927 368 2990 to
393 2925 518 2991 credere
544 2925 649 3008 ipsum
677 2943 747 2990 csse
769 2919 999 2992 Manichaenm.
1032 2927 1065 2989 at
1090 2946 1165 2992 uoro
1192 2929 1248 2994 ubi

75 3061 100 3101 ω
117 3030 251 3113 probaui
263 3049 319 3114 per
333 3030 503 3114 scripturas
518 3033 653 3109 sanctas,
670 3030 911 3109 ecclesiasticas,
931 3032 1105 3112 canonicas,
1125 3033 1247 3115 quando

117 3137 241 3200 uenerit
263 3121 459 3221 apertissime
483 3137 612 3221 spiritus
635 3140 774 3215 sanctus,
798 3156 892 3219 quem
913 3141 1082 3203 uenturum
1103 3140 1250 3223 promisit

119 3240 264 3307 dominus
283 3242 438 3323 Christus,
453 3243 637 3308 conuertisti
655 3246 697 3322 te,
716 3245 753 3309 ut
771 3243 889 3308 diceres
908 3244 1019 3315 debere
1036 3243 1096 3309 tibi
1114 3245 1247 3325 ostendi,

119 3347 195 3429 quid
237 3349 378 3414 docuerit
418 3353 450 3415 et
481 3351 588 3414 utrum
619 3349 795 3414 Manichaei
827 3349 1000 3414 doctrinam
1036 3351 1246 3418 euacuauerit.

120 3472 192 3518 cum
216 3473 289 3538 ergo
313 3455 547 3539 respondissem
569 3455 786 3520 Manichaeum
814 3458 888 3538 post
911 3456 1070 3539 apostolos
1092 3455 1192 3522 hrisse
1213 3456 1245 3522 in

75 3590 103 3632 o
119 3578 220 3638 came,
243 3560 372 3626 illorum
394 3564 501 3626 autem
525 3561 708 3640 doctrinam,
732 3564 900 3644 antequam
921 3560 1125 3627 Manichacus
1153 3564 1245 3628 natus

118 3668 213 3744 esset,
238 3667 276 3730 ab
297 3667 377 3750 ipsis
399 3667 499 3732 fuisse
521 3666 742 3749 praedicatam,
772 3666 834 3730 dixi
856 3669 961 3730 tamm
983 3685 1083 3730 unum
1104 3667 1245 3750 ipsorum

205 3823 254 3877 21
273 3822 332 3879 Cor.
352 3824 395 3888 13,
414 3824 430 3878 8
449 3840 508 3894 sqq.

153 3929 275 3999 iquasi]
293 3933 325 3984 ut
342 3930 445 3998 (oum
517 3929 666 4000 sapiebam]
683 3928 829 3984 sciebamb
883 3929 997 4000 iquos]
1016 3947 1047 3984 ea
1066 3946 1134 4000 quae
1150 3930 1243 3986 szo

120 4016 153 4070 10
180 4016 314 4086 enigmate
345 4019 395 4075 TR
423 4017 587 4088 enigrimatc
613 4017 648 4076 P.
701 4019 736 4072 12
759 4016 936 4090 predicabant
961 4017 989 4074 1:
1060 4021 1091 4072 tu
1118 4019 1197 4073 modo
1226 4021 1241 4074 b

119 4104 151 4158 16
169 4104 358 4174 imperatorum
376 4105 468 4162 Pasa
555 4122 598 4161 me
617 4105 746 4160 dooeasd
845 4105 879 4160 18
896 4105 1041 4177 patebitS
1132 4107 1242 4162 menda·

81 4274 83 4278 .
116 4192 185 4246 tium
203 4193 230 4245 P
282 4195 316 4248 24
334 4211 397 4254 uero
416 4211 467 4250 om.
485 4194 555 4251 PRb
609 4195 643 4247 26
662 4194 771 4264 spiritus
790 4196 897 4248 sanctus
916 4195 1082 4264 apertissime
1099 4194 1128 4251 1:
