2940 4628
466 291 613 346 111111
641 292 1059 346 contraManicbseos.
1256 294 1319 358 969

196 495 357 570 apostolum
375 493 528 564 Andream,
548 492 683 566 puerulus
703 491 817 564 quidam
836 492 994 566 speciosus,
1014 507 1098 565 quem
1116 493 1179 551 uult
1195 491 1318 551 Leucius

195 584 243 643 uel
266 585 349 642 deum
372 581 419 640 uel
443 583 519 641 certe
542 581 674 654 angelum
696 580 835 655 intellegi,
861 581 1102 639 commendauerit
1119 599 1167 640 eas
1186 582 1318 641 Andreae

196 673 327 748 apostolo
351 673 380 730 et
402 670 559 745 perrexerit
576 670 613 727 ad
634 669 809 744 praetorium
826 670 925 744 Egetis
945 671 974 728 et
991 671 1138 745 ingressus
1157 669 1318 729 cubiculum

197 779 293 821 eorum
315 761 429 819 finxerit
450 775 550 819 uocem
571 758 737 818 muliebrem
761 759 843 831 quasi
864 759 1035 816 Maximillae
1058 759 1260 820 murmurantis
1283 759 1318 816 de

166 857 177 896 ⁵
197 851 344 910 doloribus
362 865 447 908 sexus
469 847 584 906 feminei
608 849 637 905 et
657 847 835 921 lphidamiae
854 847 1063 920 respondentis.
1083 862 1156 920 quae
1175 846 1318 920 colloquia

197 957 260 997 cum
273 938 412 1012 ,audisset
432 937 538 1010 Egetes
561 938 680 994 credens
699 953 747 994 eas
765 936 807 994 ibi
826 953 888 994 esse
908 936 1087 996 discesserat.
1106 935 1174 1009 quid
1192 936 1318 994 adhaec

197 1028 315 1087 dicitis?
347 1041 416 1100 rogo
449 1042 512 1084 uos.
536 1040 622 1098 quare
653 1041 712 1084 uon
743 1024 838 1083 timuit
863 1025 1019 1085 Maximilla
1044 1042 1097 1099 per
1123 1025 1318 1098 turpissimum

195 1117 367 1176 lenocinium
391 1114 511 1173 ancillae
535 1130 603 1172 suae
624 1113 716 1186 ligare
734 1113 845 1171 animas
863 1113 893 1171 in
912 1113 1020 1172 carne?
1045 1131 1108 1172 cum
1127 1115 1221 1172 autem
1239 1113 1318 1171 illum

195 1206 344 1278 puerulum
368 1206 426 1261 tam
448 1203 570 1277 turpiter
597 1203 721 1261 credatis
749 1219 811 1261 esse
838 1202 997 1273 mentitum,
1022 1202 1086 1275 quis
1113 1202 1196 1261 uobis
1220 1202 1319 1260 credat

156 1303 178 1338 ¹⁰
195 1293 389 1366 loquentibus,
414 1293 527 1365 quando
551 1291 576 1350 si
602 1291 788 1361 mentiamini,
818 1291 962 1349 domiuum
988 1308 1040 1350 uos
1065 1290 1161 1349 dicitis
1187 1289 1317 1349 imitari?

240 1379 372 1442 31111
397 1399 450 1440 uos
476 1381 636 1438 temeritate
663 1380 741 1454 pleni
768 1379 862 1437 adbuc
889 1379 992 1438 inruite
1020 1380 1050 1438 in
1077 1381 1189 1438 ueteres
1215 1379 1315 1450 libros,

195 1473 228 1528 ut
241 1485 313 1543 quae
328 1470 446 1529 nescitis
463 1469 560 1544 potius
578 1485 711 1527 accusare
730 1484 815 1540 quam
834 1469 942 1526 discere
960 1468 1107 1528 laboretis.
1128 1467 1315 1538 considerate,

197 1575 268 1632 qnae
295 1559 336 1616 ibi
363 1558 500 1616 miracula
526 1557 593 1618 sint.
622 1558 647 1616 si
673 1557 817 1616 miraculis
843 1556 912 1615 noui
938 1557 1103 1616 testamenti
1126 1556 1316 1626 delectamini,

196 1648 236 1706 ibi
258 1647 362 1706 mortui
383 1648 475 1721 primo
499 1646 637 1714 suscitati,
662 1645 703 1704 ibi
719 1645 826 1719 leprosi
849 1645 940 1719 primo
959 1645 1087 1704 mundati
1107 1646 1136 1703 et
1153 1645 1210 1703 alia
1227 1645 1317 1702 multa

156 1743 178 1781 1⁵
196 1751 268 1809 quae
292 1736 444 1810 diligenter
466 1737 495 1794 et
515 1735 562 1809 pie
585 1735 788 1807 quaerentibus
811 1735 848 1792 ad
871 1734 1075 1793 aedificandam
1097 1734 1183 1792 fidem
1205 1735 1318 1792 innote-

196 1827 288 1883 scunt.
312 1825 338 1883 si
360 1827 455 1882 autem
476 1824 560 1883 bonis
583 1823 743 1897 praeceptis
774 1823 964 1892 delectamini,
993 1823 1034 1881 ibi
1055 1822 1188 1897 primitus
1211 1821 1318 1896 scripta

196 1914 262 1972 sunt
285 1914 339 1971 duo
363 1912 413 1971 illa
438 1914 601 1986 praecepta,
626 1927 698 1985 quae
730 1911 890 1971 sublimiter
917 1912 1047 1970 dominus
1068 1911 1168 1969 laudat
1194 1912 1229 1968 de
1253 1911 1318 1969 dili-

196 2003 288 2076 gendo
314 2003 366 2060 deo
391 2004 420 2060 et
441 2002 587 2076 proximo,
611 2001 653 2059 ibi
676 2001 845 2059 dimittenda
873 2000 972 2058 domus
998 2002 1134 2074 parentes
1162 2001 1191 2057 et
1212 1999 1265 2058 filii
1288 2002 1317 2057 et

197 2094 292 2149 cetera
321 2092 439 2165 propter
471 2090 636 2163 dominnm,
670 2089 711 2148 ibi
738 2105 795 2148 nou
823 2089 999 2147 reddendum
1025 2089 1129 2147 malum
1156 2105 1208 2161 pro
1231 2087 1316 2159 malo,

153 2184 178 2221 ²⁰
196 2180 237 2237 ibi
260 2181 397 2238 orandum
419 2196 471 2253 pro
494 2178 628 2249 inimicis,
651 2177 694 2236 ibi
715 2177 830 2236 inimioo
854 2176 1079 2250 ignoscendum,
1107 2176 1148 2235 ibi
1175 2177 1318 2240 tradenda

196 2267 311 2326 maxilla
334 2268 370 2326 ad
394 2267 588 2341 accipiendam
611 2267 723 2340 alapam
747 2269 776 2325 et
793 2280 987 2338 quaecumque
1005 2266 1035 2323 in
1053 2282 1127 2325 nouo
1146 2266 1317 2324 testamento

196 2358 351 2430 praecepta
374 2357 442 2414 sunt
462 2373 521 2414 uon
544 2355 635 2414 solum
659 2355 700 2413 ibi
722 2355 858 2413 mandata
884 2355 936 2413 sed
963 2353 1048 2412 etiam
1075 2372 1093 2412 a
1115 2354 1222 2413 sanetis
1249 2354 1319 2412 uiris

198 2445 274 2503 omni
304 2444 456 2519 uigilantia
488 2444 628 2518 conpleta.
661 2443 799 2516 numquid
834 2446 862 2501 et
887 2443 943 2501 boc
964 2443 1073 2517 poterit
1095 2443 1188 2501 dicere
1211 2442 1321 2501 malitia

196 2536 294 2591 uestra
321 2547 515 2606 quaecumque
542 2533 618 2590 bona
648 2534 677 2590 et
698 2531 850 2606 magnifica
877 2530 918 2589 ibi
940 2532 1048 2606 scripta
1070 2532 1138 2590 sunt
1158 2530 1232 2589 falsa
1255 2548 1318 2590 esse

153 2625 179 2664 2⁵
198 2624 226 2680 et
257 2620 414 2694 adposita?
445 2620 496 2678 illa
526 2637 604 2692 uero,
633 2635 705 2693 quae
731 2637 790 2680 uon
815 2619 1016 2694 intellegentes
1042 2620 1150 2694 putatis
1176 2620 1261 2690 mala,
1286 2637 1319 2678 ea

197 2710 392 2768 tantummodo
424 2726 493 2767 nera
525 2708 613 2768 esse?
647 2709 758 2768 debetis
790 2708 864 2767 euim
896 2710 1050 2768 adtendere
1082 2709 1155 2768 alios
1187 2709 1319 2767 similiter

126 2834 131 2844 -
196 2799 290 2872 inpios
317 2799 358 2856 ita
386 2799 420 2857 de
447 2814 523 2857 nouo
554 2799 725 2857 testamento
757 2799 851 2857 facere
882 2815 978 2872 posse,
1002 2798 1035 2855 ut
1061 2812 1255 2870 quaecumque
1277 2797 1318 2856 ibi

196 2889 271 2957 sunt,
297 2904 369 2961 quae
391 2903 450 2945 non
471 2886 672 2961 intellegentes
695 2886 860 2962 putauerint
881 2886 964 2957 mala,
995 2903 1028 2944 ea
1055 2887 1267 2960 reprehendant
1290 2891 1319 2944 et

197 2977 294 3035 dicant
315 2976 379 3050 ipsa
400 2975 442 3035 ibi
464 2993 527 3035 esse
550 2975 612 3034 sola
634 2991 711 3046 uera,
735 2975 785 3033 illa
807 2977 901 3034 autem
925 2975 1028 3046 omnia,
1054 2991 1126 3048 quae
1154 2975 1194 3033 ibi
1218 2976 1316 3049 aperte

153 3067 178 3105 ³⁰
195 3065 378 3140 magnificata
409 3065 484 3137 sunt,
509 3063 607 3123 dicant
638 3081 701 3123 esse
731 3063 806 3123 falsa
833 3067 919 3138 atque
946 3064 982 3122 ab
1010 3065 1185 3123 amatoribus
1210 3063 1317 3123 domini

285 3201 318 3254 18
337 3200 369 3253 of.
387 3194 483 3253 Mattb.
503 3199 544 3265 22,
565 3201 598 3254 37
618 3217 674 3270 sqq.
685 3221 691 3264 ;
712 3199 744 3255 cf.
762 3199 858 3254 Mattb.
879 3201 919 3266 19,
939 3201 972 3254 19
1027 3199 1316 3263 recf.1r0m.12,17;

196 3272 230 3325 20
249 3271 281 3325 of.
299 3271 395 3325 Mattb.
415 3272 438 3336 5,
457 3272 509 3336 44;
528 3270 561 3325 ci.
579 3272 642 3325 Luc.
661 3272 687 3335 6,
705 3271 755 3334 27;
774 3271 870 3324 Mattb.
890 3272 914 3336 5,
934 3272 967 3324 39

232 3377 390 3447 lpuerolus
408 3376 438 3429 F
514 3377 613 3430 leutius
637 3377 663 3431 V
730 3377 907 3431 bandroaP
976 3377 1164 3446 3perrererit]
1182 3375 1321 3446 perdiiV

195 3455 286 3516 perrei
305 3450 330 3501 P
415 3449 543 3518 pteritum
566 3448 593 3501 V
678 3453 768 3518 egetes
787 3448 817 3502 F
824 3448 862 3501 ¹V
877 3447 980 3517 segites
998 3447 1025 3499 P
1119 3450 1244 3501 dearum
1267 3447 1319 3500 VP

197 3520 313 3573 fincserit
326 3519 353 3571 P
369 3519 483 3588 fingeret
497 3518 555 3572 FV
622 3520 766 3573 maximilla
784 3521 976 3573 mammantes
990 3518 1020 3571 F
1070 3518 1130 3572 511
1142 3518 1318 3589 Iphidamiae]

197 3590 320 3644 eifidama
342 3589 368 3642 V
385 3590 504 3659 eifidame
523 3589 553 3642 F
572 3590 706 3645 1111111
728 3607 771 3644 ine
790 3591 816 3643 P
901 3589 1090 3659 respondentes
1109 3589 1164 3642 FP
1251 3606 1318 3659 quae

197 3661 340 3730 colloquia]
358 3677 408 3729 que
427 3670 459 3715 ru
477 3661 568 3730 loquia
586 3661 613 3713 P
665 3662 851 3730 tcumlquia
871 3678 928 3715 curn
946 3660 1004 3713 FV
1073 3677 1104 3714 ea
1122 3660 1174 3715 sibi
1192 3661 1218 3714 P
1269 3661 1318 3730 ibi]

196 3732 243 3786 ubi
261 3733 288 3787 V
338 3730 494 3786 discesserat
513 3739 583 3799 (sap.
598 3746 655 3801 exp.
671 3749 686 3785 a
699 3749 748 3787 sor.
763 3733 772 3785 i
788 3749 806 3785 a
821 3750 854 3786 on.
867 3736 892 3800 1)
907 3730 937 3785 F
947 3731 1098 3786 discesserit
1116 3732 1143 3800 V
1195 3732 1210 3784 7
1225 3733 1318 3801 quare]

197 3805 272 3872 quasi
295 3803 321 3857 V
390 3802 560 3872 9puerolum
580 3802 623 3855 Fe
678 3804 709 3856 ll
729 3803 825 3857 liberos
844 3802 874 3856 F
937 3805 971 3857 14
988 3805 1092 3857 mortuo
1112 3805 1138 3856 P
1202 3803 1235 3856 15
1255 3804 1316 3857 dili·

196 3874 299 3944 genrib'
318 3872 401 3927 FVP
451 3873 643 3929 bedifieaudam
666 3875 693 3928 V
727 3875 759 3929 18
778 3874 855 3928 deum
875 3876 902 3928 11
920 3876 1066 3944 proximum
1080 3874 1107 3926 P
1159 3874 1277 3942 parentis
1292 3875 1318 3927 P

197 3993 293 4043 etom.
312 3990 338 4042 P
408 3988 441 4041 19
460 3987 577 4042 redendu
596 3988 622 4040 P
674 3989 709 4044 20
727 3989 854 4044 orandF
867 3988 964 4042 boratu
978 3989 1004 4042 P
1075 3987 1205 4042 tradenda
1223 3988 1316 4042 maxil-

196 4061 224 4113 11
241 4059 300 4114 FV
332 4061 361 4113 21
385 4059 486 4114 adom.
510 4058 536 4112 V
578 4060 611 4113 24
629 4059 697 4113 bone
716 4061 741 4112 P
783 4061 907 4114 abesset
929 4060 956 4113 V
1007 4059 1104 4114 debitis
1123 4060 1149 4113 P
1184 4059 1220 4112 28
1240 4060 1318 4129 quae]

196 4133 224 4185 in
243 4148 310 4202 quae
329 4132 355 4184 P
442 4130 605 4199 reprehende
625 4131 650 4182 P
735 4131 768 4185 29
788 4134 859 4185 esset
881 4131 907 4184 V
983 4131 1016 4185 31
1035 4129 1176 4201 magnifica
1194 4130 1267 4185 dioai
1287 4138 1317 4186 11

196 4203 264 4257 falsa
288 4200 467 4271 Vmagnifira
485 4205 548 4255 sunt
566 4205 593 4255 et
611 4218 668 4260 esse
687 4201 755 4256 falsa
768 4202 795 4254 P
