2940 4628
596 271 811 327 Praefatio.
1178 274 1264 337 LVII

142 484 216 559 864,
243 484 283 546 18
306 502 417 545 aeorar
438 501 484 556 sa,
510 482 584 558 856,
609 481 651 544 14
681 501 730 544 mo
762 481 877 545 derata.
910 481 962 546 hic
993 482 1059 546 illic
1091 501 1264 547 consonans

141 588 230 654 uocis
262 588 423 670 sequentis
454 587 653 670 praecedenti
685 587 917 671 adglutinatur:
954 587 1030 668 qaid
1050 587 1209 652 doceatem.
1232 588 1264 651 16

141 711 253 776 genere
291 692 530 776 orthographica
567 693 628 758 hoc
662 692 864 758 memorabile
897 696 955 770 est,
993 693 1077 775 quod
1114 694 1265 778 genuinas

140 798 255 863 formas
288 818 359 863 cum
392 799 641 882 praepositiones
672 799 823 882 praefixae
854 818 927 882 prae
960 818 993 864 66
1025 800 1135 877 ferant,
1159 803 1264 863 tamen

140 905 259 987 passim
287 923 393 968 earum
426 903 611 969 assimilatio
636 904 775 986 aprima
801 922 895 967 manu
924 904 1059 968 occurrit
1085 905 1175 968 66161
1201 924 1264 966 am·

140 1012 266 1085 mamati,
306 1010 582 1084 amministratione,
619 1010 889 1090 quemammodum,
919 1013 1028 1075 contra
1050 1029 1087 1075 ea
1109 1011 1215 1074 crebro
1248 1029 1266 1072 a

140 1137 235 1182 manu
259 1117 442 1183 correctoris
465 1118 620 1190 uocabula
642 1116 799 1181 eiusmodi
825 1117 971 1200 primitus
999 1136 1060 1181 non
1092 1117 1266 1182 assimilata

141 1269 344 1333 accomodata
357 1269 560 1351 reponuntur,
575 1267 666 1332 uelut
685 1285 756 1330 cnm
776 1266 814 1330 ad
832 1284 942 1330 uocem
958 1230 1102 1347 coiipaba
1114 1286 1147 1329 m
1160 1266 1266 1330 littera

141 1375 353 1457 superscripta
374 1375 406 1438 in
429 1374 568 1458 margins
592 1373 739 1437 adnotat:
772 1393 808 1436 aa
822 1458 823 1463 ἵ
833 1373 975 1453 66616616.
1009 1392 1086 1454 6666
1119 1373 1265 1439 61161166

139 1500 239 1564 genus
254 1479 463 1562 discrepantia
477 1482 551 1545 sunt
565 1497 636 1542 cum
652 1479 707 1558 616,
723 1474 802 1561 6666
816 1497 886 1562 pag.
905 1478 981 1543 viu
1000 1479 1170 1562 disputaui‚
1195 1498 1264 1543 666-

139 1586 278 1664 6661661,
301 1586 452 1650 hocloco
476 1587 665 1668 pertractare
689 1584 888 1666 supersedeo.

185 1690 288 1756 Codex
312 1690 572 1775 Sangallensis
596 1709 724 1754 numero
751 1691 812 1754 148
841 1690 982 1774 signatus
1009 1691 1316 1759 membranaceusG

140 1797 361 1862 miscellaneae
384 1797 416 1860 in
440 1798 473 1860 40
496 1796 623 1861 6666616
646 1797 691 1860 XI
715 1799 856 1860 exaratus
883 1796 1012 1880 paginas
1040 1797 1103 1860 319
1131 1798 1264 1879 amplec-

138 1904 217 1966 titur
240 1904 428 1985 opusculum
450 1920 521 1986 pag.
547 1904 607 1965 281
630 1901 1266 1986 116166616ίὶ61166166666116166661666

139 2008 335 2092 beatusque
359 2009 396 2074 ad
420 2010 567 2093 paginam
591 2010 654 2074 369
678 2008 752 2072 liber
775 1989 863 2090 66661
885 2009 921 2075 616
942 2012 1058 2071 actara
1080 2008 1150 2073 boat
1172 2009 1265 2089 eapti-

139 2116 309 2196 6116666611
332 2116 489 2181 exhibens.
523 2115 620 2180 codex
652 2116 689 2179 ab
714 2135 775 2179 uno
807 2115 932 2180 librario
957 2115 1264 2185 6661661661666616

140 2225 172 2286 et
194 2222 394 2306 singulorum
415 2223 643 2287 uocabulorum
666 2225 698 2286 et
720 2224 857 2295 totarum
885 2222 1107 2290 sententiarum
1132 2240 1193 2286 non
1218 2224 1268 2286 est

138 2328 288 2394 immunis
320 2329 411 2392 66161
441 2329 517 2406 857,
542 2328 602 2404 29;
637 2328 711 2407 857,
736 2330 796 2405 27;
821 2330 896 2407 856,
922 2330 981 2404 16;
1006 2329 1081 2406 855,
1108 2329 1166 2404 18;
1192 2329 1266 2404 858,

140 2437 200 2511 29;
235 2436 309 2514 864,
343 2436 467 2498 2624
509 2436 547 2498 61.
592 2434 848 2517 compendiorum
880 2454 1051 2516 eorumque
1088 2434 1267 2518 uulgarium

138 2561 216 2605 usus
240 2544 290 2605 ost
310 2541 539 2623 permodestus.
564 2559 643 2621 quae
673 2533 899 2605 retractantem
921 2541 1129 2618 morabantur,
1154 2559 1191 2603 ea
1213 2544 1268 2604 aut

138 2647 257 2711 leuiore
290 2651 346 2711 aut
378 2647 529 2712 atrociore
561 2647 685 2711 medela
718 2666 825 2711 sanare
858 2647 1006 2711 studebat
1036 2650 1073 2710 61
1107 2648 1265 2725 857,16;

141 2755 215 2830 856,
241 2755 301 2828 24;
335 2754 409 2832 872,
434 2755 472 2828 2;
508 2754 581 2828 873,
607 2754 647 2817 23
671 2753 711 2816 61.
736 2754 931 2830 66661856,
958 2755 1120 2817 13161666
1145 2755 1264 2816 senten·

138 2859 216 2921 tiam
232 2877 306 2922 sane
320 2858 486 2940 repetitam
506 2858 661 2941 expunxit.
681 2877 782 2940 neque
800 2861 906 2922 tamen
924 2858 1057 2923 feliciter
1071 2859 1102 2922 in
1122 2859 1266 2923 omnibus

138 2963 217 3027 locis
242 2963 443 3027 emendandis
467 2967 613 3027 uersatus
637 2965 704 3027 est:
738 2964 812 3040 856,
837 2965 897 3039 24;
932 2964 1091 3042 857,16;
1126 2965 1199 3041 871,
1227 2965 1267 3027 19

141 3072 172 3132 61
196 3069 330 3151 saepius.
354 3070 541 3133 uocularum
563 3069 837 3151 transpositionem
860 3070 904 3132 116
926 3069 1087 3147 indicauit,
1111 3071 1148 3133 61
1174 3089 1268 3153 super

139 3173 385 3257 transponendus
408 3175 517 3256 puncti
537 3174 626 3258 signa
644 3174 781 3241 adderet.
799 3177 943 3257 prostant
961 3175 1056 3239 etiarn
1074 3179 1267 3240 correcturae

140 3281 271 3344 alterius·
292 3299 414 3358 manus,
439 3299 518 3361 6666
542 3283 644 3344 totum
669 3281 809 3346 codicem
833 3281 1009 3366 castiganit.
1035 3283 1088 3364 661
1111 3283 1266 3365 quomodo

139 3404 267 3450 munere
300 3404 357 3448 suo
389 3384 556 3449 defunctus
589 3384 640 3462 sit,
664 3385 827 3467 prolixiore
852 3385 1063 3468 disputatione
1085 3386 1215 3471 indiget.
1238 3387 1266 3451 is

140 3491 222 3556 enim
245 3510 307 3555 non
330 3489 490 3570 acquieuit
512 3490 544 3554 in
568 3510 604 3554 ea
626 3509 668 3570 re,
692 3493 730 3555 ut
750 3492 905 3556 uocabula
929 3491 1046 3557 omissa
1069 3491 1173 3557 debito
1196 3492 1266 3558 loco

140 3597 309 3679 suppleret,
335 3596 476 3678 singulas
499 3596 622 3661 litteras
645 3597 815 3662 66166666
838 3598 920 3660 male
943 3598 1103 3663 alibrario
1128 3601 1266 3672 exaratas

139 3702 267 3766 uitiosis
291 3701 453 3784 expunctis
473 3702 654 3766 emendaret
671 3704 763 3769 uolut
786 3704 860 3780 859,
873 3704 914 3779 .6;
940 3705 1013 3781 879,
1030 3705 1090 3781 24;
1115 3705 1264 3782 859,17;

141 3808 214 3884 865,
239 3808 291 3885 27,
324 3806 379 3870 661
413 3808 507 3870 ctiam
540 3827 633 3890 super
659 3810 843 3891 pronomina
865 3828 943 3890 quae
966 3811 1099 3875 relatiua
1121 3810 1267 3879 dicantur

141 3917 172 3978 61
195 3913 257 3977 6116
280 3933 316 3977 66
339 3914 540 3993 substantias
560 3918 700 3998 poneret,
724 3935 856 3997 quorum
878 3915 949 3980 uice
967 3916 1023 3979 illa
1039 3916 1213 4001 funguntur
1230 3920 1267 3980 61

269 4027 294 4050 ,6.
305 4017 383 4058 pulchri
385 4018 910 4055 ooooooooooooooooooo

141 4066 215 4142 sss,
240 4065 281 4128 aa
314 4083 386 4148 que,
421 4066 495 4143 ase,
519 4043 557 4128 4‘
573 4084 644 4148 que,
678 4067 752 4145 sas,
775 4068 817 4130 aa
848 4067 904 4131 mo
937 4064 1022 4152 (eum
1046 4067 1073 4131 6
1096 4067 1265 4150 quidquam

141 4169 350 4261 supplendum
383 4173 478 4248 esset,
510 4191 571 4235 non
603 4172 690 4235 moda
721 4172 777 4237 sed
808 4172 868 4236 loco
897 4175 1004 4255 aptum
1027 4173 1134 4259 66661),
1158 4176 1213 4236 661
1233 4173 1265 4236 16
