2940 4628
210 283 272 344 860
333 259 337 264 ι
554 282 580 336 S.
607 283 745 358 Aureli
772 283 980 351 Augustini

153 498 157 503 ·
209 492 278 538 esse
307 474 368 538 nisi
396 493 414 537 a
442 475 509 539 deo.
542 495 603 541 non
631 493 704 560 ergo
733 476 770 540 ab
799 475 860 541 alio
889 478 964 541 sunt
990 495 1104 561 magna
1130 477 1212 541 bona
1239 477 1271 539 et
1293 476 1332 540 ab

208 579 269 644 alio
302 598 398 662 parua
430 582 530 659 bona,
564 582 619 648 sed
647 587 680 647 et
704 601 819 667 magna
854 586 887 648 θῇ
920 603 1018 667 parua
1047 585 1129 649 bona
1150 582 1333 648 <conuicia

211 705 334 758 summo
358 688 450 764 bono,
475 690 558 771 quod
582 690 658 755 deus
682 693 741 756 est.
1053 675 1055 679 ⁵

254 797 304 863 13.
338 793 624 861 Commemoremus
657 815 730 881 ergo
761 797 844 861 bona
874 800 991 880 quauta
1019 796 1225 880 petierimus,
1254 815 1332 878 quae

209 901 338 985 dignum
362 904 412 965 est
443 904 480 965 ut
503 902 560 967 deo
585 903 705 968 auctori
727 902 915 978 tribuamus,
940 903 1044 969 ethis
1068 903 1202 968 sublatis
1225 901 1330 965 uidea·
1360 918 1375 958 θ

207 1026 289 1085 mus,
318 1010 426 1071 utrum
454 1008 559 1091 aliqua
584 1011 696 1073 natura
721 1011 904 1076 remanebit.
939 1009 1039 1080 omnis
1066 1009 1133 1073 uita
1160 1011 1192 1073 et
1216 1027 1331 1091 magna

208 1116 239 1178 θῇ
260 1131 367 1196 parua,
391 1115 493 1180 omnis
515 1116 656 1198 potentia
678 1120 711 1181 et
731 1135 847 1201 magna
869 1120 901 1181 et
922 1135 1028 1200 parua,
1057 1115 1158 1181 omnis
1186 1114 1271 1179 salus
1300 1117 1332 1178 et

207 1239 321 1305 magna
343 1224 375 1285 θῇ
397 1240 503 1305 parua,
528 1222 629 1288 omnis
656 1223 807 1288 memoria
834 1227 866 1289 et
892 1242 1007 1306 magna
1035 1224 1067 1287 et
1092 1240 1199 1305 parua,
1228 1221 1330 1288 omnis

205 1328 387 1393 intellectus
411 1330 443 1392 θῇ
464 1347 597 1412 magnus
621 1332 653 1393 et
673 1349 801 1413 pamus,
821 1330 921 1395 omnis
940 1329 1150 1413 tranquillitas
1169 1331 1201 1393 et
1218 1346 1332 1411 magna

207 1439 239 1500 et
264 1452 371 1518 parua,
402 1436 503 1500 omnis
530 1435 633 1501 uirtus
661 1439 693 1501 θῇ
718 1455 832 1520 magna
860 1439 892 1501 et
916 1455 1024 1520 parua,
1053 1436 1153 1501 omnis
1181 1435 1271 1518 copia
1299 1438 1331 1500 et
1349 1447 1375 1485 ¹⁰

205 1561 320 1626 magna
343 1544 375 1606 θῇ
396 1560 503 1626 parua,
532 1542 633 1607 omnis
659 1556 773 1608 'sensus
802 1546 834 1618 θῇ
861 1561 994 1627 magnus
1024 1547 1056 1607 θῇ
1081 1560 1209 1624 pomus,
1239 1560 1330 1606 omne

204 1647 312 1712 lumen
335 1651 367 1712 θῇ
393 1667 543 1732 magnum
571 1652 604 1739 θῇ
628 1668 772 1733 paruum,
801 1651 903 1715 omnis
932 1650 1073 1715 suauitas
1100 1651 1133 1714 θῇ
1158 1668 1272 1733 magua
1299 1631 1351 1713 et

205 1772 310 1837 parua,
336 1754 437 1819 omnis
459 1774 607 1820 mensura
629 1759 797 1840 almagno
820 1760 852 1821 et
873 1774 981 1838 parua,
1005 1756 1105 1821 omnis
1128 1754 1329 1839 pulchritudo

206 1863 238 1924 θῇ
260 1878 375 1944 magna
397 1863 430 1926 et
450 1881 557 1944 parua,
586 1862 688 1928 omnis
715 1882 774 1946 pax
802 1867 835 1927 et
856 1882 970 1947 magna
994 1865 1026 1927 et
1046 1881 1143 1946 parua
1166 1865 1198 1926 et
1220 1861 1247 1926 si
1270 1880 1332 1943 qua

206 1968 323 2033 similia
350 1986 511 2034 assumere
537 1970 698 2052 potuerint
724 1970 920 2053 maximeque
948 1969 1013 2046 illa,
1037 1986 1116 2051 quae
1144 1987 1199 2051 per
1226 1967 1374 2034 omnia1⁵

204 2075 411 2159 reperiuntur,
426 2075 495 2142 siue
514 2075 666 2160 spiritalia
684 2076 752 2141 siue
771 2077 952 2160 corporalia,
969 2076 1070 2142 omnis
1087 2075 1209 2153 modus,
1229 2074 1330 2139 omnis

205 2183 337 2265 species,
362 2182 464 2248 omnis
487 2184 562 2249 ordo
586 2186 618 2249 et
639 2202 772 2268 magnus
792 2188 823 2248 θῇ
840 2202 967 2268 paruus,
987 2203 1005 2247 a
1023 2184 1148 2250 domino
1167 2183 1226 2249 deo
1245 2184 1328 2247 sunt.

204 2290 320 2373 quibus
346 2290 438 2356 bonis
467 2290 612 2355 omnibus
639 2290 694 2373 qui
720 2290 802 2354 male
828 2291 877 2355 uti
903 2290 1050 2366 uoluerit,
1078 2289 1186 2354 diuino
1212 2287 1328 2353 iudicio

203 2413 319 2478 poenas
341 2396 428 2473 luet3
460 2396 516 2460 ubi
543 2398 649 2460 autem
677 2395 800 2460 nullum
826 2396 939 2460 horum
967 2395 1091 2460 omnino
1114 2394 1218 2473 fuerit,
1242 2394 1330 2458 nulla

148 2586 150 2589 Υ
204 2505 315 2578 natura
336 2504 521 2571 remanebit.
1346 2506 1374 2545 ⁹⁰

250 2612 301 2676 14.
321 2610 383 2676 Sed
399 2610 432 2674 iu
450 2610 499 2675 his
518 2610 664 2676 omuibus
684 2628 898 2693 quaecumque
916 2629 1013 2695 parua
1031 2612 1114 2686 sunt,
1128 2610 1160 2673 in
1175 2608 1329 2674 maiorum

98 2799 101 2803 ⁴
204 2718 435 2801 comparatione
463 2711 626 2782 contrariis
654 2716 832 2782 nominibus
861 2717 1074 2801 appellantur:
1104 2717 1189 2782 sicut
1214 2715 1247 2780 in
1275 2716 1329 2781 hc-

96 2811 98 2813 *
204 2824 298 2889 minis
320 2824 420 2890 forma
442 2823 516 2906 quia
537 2823 636 2888 maior
658 2825 708 2888 est
728 2822 941 2906 pulchritudo,
960 2823 992 2886 in
1011 2822 1079 2888 eius
1097 2821 1328 2906 comparatione

205 2929 314 2996 simiae
345 2929 546 3013 pulchritudo
579 2929 760 2996 deformitas
793 2928 917 2994 dicitur.
950 2931 982 2992 θῇ
1007 2928 1090 2992 fallit
1115 2928 1327 3012 inprudentes,

203 3039 365 3118 tamquam
392 3034 474 3100 illud
502 3035 544 3100 sit
569 3036 686 3101 bonum
714 3039 746 3099 et
773 3035 832 3100 hoc
860 3035 998 3111 malum3
1029 3053 1087 3100 nec
1109 3034 1275 3112 intendunt
1296 3035 1329 3099 in
1344 3033 1369 3073 ²⁵

204 3161 332 3226 corpore
356 3142 466 3208 simiae
484 3141 613 3208 modum
631 3141 800 3225 proprium,
818 3141 1010 3224 parilitatem
1028 3161 1064 3206 ex
1081 3144 1213 3224 utroque
1231 3141 1329 3205 latere

203 3250 425 3328 membrorum,
450 3248 646 3315 concordiam
668 3249 816 3332 partium,
843 3247 1071 3314 incolumitatis
1099 3247 1274 3314 cuemdiam
1298 3251 1330 3312 et

205 3360 318 3436 cetera,
343 3375 422 3439 quae
446 3355 593 3440 persequi
614 3357 745 3441 longum
771 3358 830 3421 est.

241 3565 327 3619 lalio
347 3567 372 3636 (o
390 3563 675 3632 sap.aom.1)SP²
728 3563 865 3618 2aliaP¹
924 3561 1076 3617 sedom.L
1145 3560 1260 3631 nonnisi]
1277 3579 1329 3616 nou

205 3656 268 3708 sunt
284 3655 337 3709 nisi
359 3653 427 3708 VLb
480 3653 651 3724 lquantub
703 3654 764 3706 but
778 3651 838 3722 deo]
853 3655 885 3706 ut
898 3669 929 3706 ea
943 3651 1034 3706 deoG
1087 3652 1182 3721 apost
1198 3652 1327 3704 memoria

204 3745 324 3813 seqnitur
344 3745 376 3798 ia
398 3743 413 3797 b
437 3744 522 3798 omnis
542 3744 629 3797 uirtus
700 3743 734 3796 12
757 3740 885 3811 suauitas]
910 3741 1010 3795 sanitas
1034 3741 1049 3794 b
1122 3741 1154 3794 15
1177 3755 1329 3795 concurrere

204 3833 364 3903 poteruntb
436 3833 469 3887 16
487 3831 672 3905 repperiuntur
689 3829 767 3885 ΒΑΘ
837 3833 865 3885 θῇ
882 3831 966 3884 omnis
984 3829 1085 3900 species
1104 3829 1130 3883 V
1198 3828 1232 3883 18
1251 3827 1330 3881 bonis

205 3921 336 3991 omnibus]
365 3920 486 3975 omnibus
512 3920 598 3975 modis
625 3919 721 3990 quibus
748 3919 775 3972 L
884 3919 1019 3973 noluerint
1047 3917 1073 3972 G
1177 3915 1273 3971 iuditio
1303 3915 1331 3968 P

206 4014 239 4066 19
252 4011 344 4082 poenis
362 4012 399 4065 P¹
453 4009 574 4065 luenti}
627 4009 661 4062 22
679 4009 894 4079 conparationem
911 4008 948 4061 ΡΙ
1002 4007 1036 4061 23
1055 4007 1111 4061 aius
1125 4004 1327 4077 pulchritudob

204 4101 400 4172 comparatione
419 4103 447 4154 et
463 4099 553 4170 somie.
573 4096 654 4169 simia
672 4115 725 4167 sqq.
747 4099 762 4152 b
871 4098 904 4150 26
922 4095 1087 4167 parilitatem
1111 4095 1143 4165 (ri
1161 4110 1193 4148 cr
1210 4111 1240 4147 ra
1258 4110 1277 4147 a
1294 4109 1329 4148 err.

192 4197 223 4254 sy
237 4194 275 4244 P
322 4190 361 4243 27
374 4189 570 4245 incolomitatis
588 4187 665 4244 ΕΑΘ
718 4178 752 4241 28
771 4187 850 4256 quae]
869 4201 922 4256 qus
939 4185 976 4239 Ρ1
1046 4182 1205 4253 prosequib
