2940 4628
239 279 302 342 836
574 274 601 327 S.
629 272 763 326 Aureli
792 270 1009 358 Augustini

235 487 369 553 purgare
391 487 453 534 non
475 466 589 550 potuit,
612 466 644 531 in
667 466 761 550 globo
784 465 882 550 ligata
904 468 962 546 est,
985 466 1045 531 hoc
1068 465 1193 531 crudele
1215 486 1276 531 non
1300 469 1359 557 est,

237 578 274 638 nt
297 573 452 651 Christus,
476 572 530 656 qui
553 572 644 636 dixit:
664 591 721 656 ego
744 575 870 655 propter
891 573 1071 654 peccatores
1093 571 1178 650 ueni,
1205 571 1298 637 modo
1322 573 1361 637 ad

236 681 342 764 ignem
365 682 526 744 aeternum
548 678 622 746 illos
645 678 761 754 mittat,
786 679 876 743 cuius
904 693 1016 743 nomen
1044 680 1272 761 portauerunt?
1305 679 1361 744 sed

235 785 393 862 mandata,
415 784 519 862 credo,
542 803 604 849 non
626 786 797 868 potnerunt
820 784 973 867 conplere.
1007 783 1034 848 si
1060 783 1120 848 hoc
1147 783 1273 849 crudele
1300 788 1359 861 est,

238 891 397 956 crudelius
420 893 470 955 est
492 892 524 955 et
545 890 643 964 illud;
673 889 701 955 si
721 890 802 955 illud
824 890 981 956 crudelius
1005 892 1063 969 est,
1092 890 1165 973 quia
1187 889 1264 955 deus
1285 889 1360 956 illos
1392 910 1405 950 s

237 1016 298 1062 non
321 997 428 1080 potuit
448 1014 582 1080 purgare
607 998 639 1060 et
661 996 755 1081 globo
782 995 905 1080 ligauit,
934 999 976 1060 et
991 995 1025 1060 id
1052 995 1208 1061 crudelius
1235 995 1361 1061 uidetur

238 1121 317 1182 esse,
342 1102 427 1185 quod
450 1101 595 1168 Christus
616 1120 678 1166 non
701 1098 807 1185 potuit
828 1120 971 1186 purgare,
1002 1101 1040 1166 ad
1066 1101 1172 1185 ignem
1198 1103 1359 1167 aeternum
1420 1087 1421 1090 ¹

238 1209 373 1273 mittere.
402 1208 461 1274 hoc
488 1208 567 1272 mihi
594 1208 743 1274 sanctitas
765 1210 822 1272 tna
844 1211 976 1291 exponat
1003 1208 1040 1273 de
1065 1208 1135 1291 ipsa
1166 1194 1358 1273 crudelitato.

279 1313 364 1382 ΑΗΘ.
388 1315 484 1379 dixit:
517 1313 552 1381 si
578 1332 624 1392 ea,
653 1332 731 1396 quae
757 1314 821 1378 iam
848 1314 920 1393 dixi,
946 1315 999 1379 uel
1020 1313 1228 1387 intellexisses
1251 1314 1305 1377 nel
1326 1314 1359 1377 te

234 1420 419 1504 intellegere
436 1421 577 1485 fatereris
595 1420 799 1486 -fortassis
818 1421 901 1485 enim
918 1440 979 1485 non
1001 1419 1143 1485 habendo
1166 1419 1250 1502 quod
1272 1419 1357 1488 dicas
1379 1439 1404 1479 rc

130 1573 133 1578 .
236 1525 353 1591 finxisti
375 1528 407 1590 te
430 1544 492 1592 non
514 1526 706 1610 intellegere,
734 1527 817 1609 quod
846 1529 987 1609 apertum
1010 1529 1059 1591 est
1081 1563 1124 1574 —
1145 1525 1209 1591 ista
1229 1544 1290 1592 non
1315 1526 1359 1590 di·

237 1648 333 1695 ceres.
356 1631 419 1695 iam
443 1631 526 1696 euim
549 1631 684 1698 diximus
703 1634 735 1697 et
751 1632 955 1716 probauimus
972 1652 1028 1716 per
1046 1632 1171 1697 diuinas
1188 1632 1358 1716 scripturas

237 1755 305 1801 esse
331 1737 466 1801 libemm
494 1737 673 1816 arbitrium
708 1739 800 1802 deum
820 1741 938 1804 autem
969 1739 1061 1804 liberi
1091 1737 1210 1804 arbitrii
1235 1739 1358 1803 iustum

235 1841 387 1921 iudicem,
419 1828 680 1910 remuneratorem
713 1845 853 1910 fidelium
884 1831 975 1928 eique
1007 1864 1040 1910 se
1073 1843 1294 1910 subicientium
1325 1847 1358 1909 et

235 1948 411 2012 nolentium
439 1939 612 2030 sesanam,
642 1950 854 2032 damnatorem
885 1954 990 2016 autem
1022 1951 1227 2034 superborum
1253 1951 1286 2014 st
1311 1949 1353 2014 in·
1376 1969 1402 2009 u

129 2083 131 2087 ’
233 2053 367 2136 piorum.
392 2056 465 2138 quia
488 2074 559 2141 ergo
583 2057 623 2122 ad
644 2061 824 2141 peccatores
847 2057 1000 2124 sanandos
1022 2058 1120 2135 uenit,
1140 2059 1230 2122 sanat
1246 2055 1355 2138 utique

234 2163 364 2242 peccata
382 2162 552 2243 confessos,
572 2166 663 2229 sanat
678 2165 891 2247 paenitentes;
909 2164 1066 2230 neminem
1085 2166 1190 2229 autem
1208 2160 1356 2247 paenitet,
1442 2202 1444 2206 2

236 2285 309 2330 oum
338 2268 419 2333 alius
450 2270 604 2352 peccauit,
634 2271 693 2334 'sed
725 2270 752 2334 si
785 2272 834 2334 est
862 2269 1053 2352 paenitentia
1083 2269 1167 2333 iusta
1195 2273 1227 2333 et
1252 2288 1355 2348 uorax,

238 2374 320 2438 unde
344 2374 465 2457 etipse
489 2374 634 2450 dominus
658 2375 753 2442 dicit:
777 2394 846 2440 non
869 2376 955 2441 ueni
977 2394 1111 2440 uocare
1133 2375 1268 2455 iustos,
1291 2375 1356 2448 sed

235 2483 455 2560 peccatores
483 2481 519 2545 in
546 2480 824 2564 paenitentiam,
851 2482 921 2565 ipsa
942 2481 1134 2565 paenitentia
1154 2480 1272 2562 indicat
1294 2496 1401 2567 nonu

236 2583 354 2657 alienae
387 2604 456 2650 esse
486 2589 624 2666 naturae,
657 2587 713 2652 sed
729 2603 730 2607 ’
744 2589 917 2653 uoluntatis
949 2591 1082 2667 nostrae,
1111 2588 1139 2652 si
1170 2586 1245 2670 quid
1275 2586 1356 2652 forte

235 2707 413 2783 peccamus.
446 2709 518 2755 nam
541 2692 569 2757 si
591 2692 652 2757 alio
675 2696 823 2776 peccante
845 2694 943 2758 alium
964 2694 1112 2775 paenitet,
1139 2713 1200 2760 non
1224 2696 1274 2759 est
1293 2693 1357 2760 ista

234 2794 383 2877 prudens,
407 2796 463 2861 sed
483 2797 596 2862 insana
618 2798 817 2881 paenitentia.
851 2799 1023 2865 secundum
1050 2819 1108 2864 uos
1136 2802 1242 2864 autem
1269 2799 1364 2866 nulla⁴

234 2904 364 2982 peccata
386 2907 470 2968 sunt.
502 2923 580 2988 gens
603 2902 686 2969 enim
707 2906 905 2970 tenebrarum
931 2924 991 2970 non
1018 2909 1138 2988 peccat,
1166 2905 1239 2988 quia
1265 2923 1356 2970 suam

234 3009 378 3072 naturam
396 3009 489 3087 lacit3
514 3014 625 3074 natura
642 3011 723 3076 lucis
741 3031 802 3078 non
820 3015 938 3095 peccat,
958 3011 1031 3094 qnia
1049 3011 1134 3094 quod
1151 3011 1237 3091 facit,
1255 3011 1356 3076 facere
1374 3025 1400 3064 π

236 3114 369 3197 cogitur.
401 3115 524 3179 nullum
552 3135 625 3200 ergo
652 3117 774 3182 iuuenis
801 3119 975 3199 peccatum,
1004 3116 1087 3199 quod
1114 3117 1240 3182 damnet
1267 3117 1355 3196 dens,

234 3217 358 3282 nullum
379 3219 503 3285 iuuenis
524 3224 698 3304 peccatum,
727 3223 812 3304 quod
837 3222 1029 3306 paenitentia
1054 3221 1156 3306 possit
1182 3223 1294 3288 sanari.
1327 3226 1355 3290 si

235 3320 340 3388 autem
362 3326 553 3408 paenitentia
575 3330 633 3407 est,
654 3332 686 3394 et
704 3330 796 3412 culpa
814 3332 881 3408 est;
905 3331 933 3396 si
955 3330 1048 3413 culpa
1071 3332 1129 3407 est,
1154 3332 1185 3394 et
1207 3331 1355 3416 uoluntas

234 3432 298 3506 est;
323 3429 351 3495 si
373 3433 520 3498 uoluntas
544 3435 647 3500 estin
669 3436 836 3519 peccando,
859 3439 971 3501 natura
992 3456 1053 3502 non
1077 3437 1135 3514 est,
1154 3453 1234 3517 quae
1252 3438 1355 3520 cogat.
1434 3422 1435 3425 ¹

234 3535 290 3600 sed
317 3537 345 3601 si
372 3538 449 3621 quid
475 3539 666 3606 infirmitatis
693 3542 865 3625 patiuntur,
893 3544 949 3626 qui
975 3562 1036 3609 non
1062 3548 1197 3628 possunt
1226 3545 1355 3628 inplere,
1374 3556 1401 3597 ³⁰

233 3643 455 3722 quoduolunt
479 3641 623 3711 —unde
649 3649 810 3729 apostolus
834 3649 928 3714 dicit:
960 3650 1070 3716 uideo
1099 3651 1209 3715 aliam
1235 3652 1355 3736 legem

320 3872 353 3925 19
370 3872 468 3928 Matth.
486 3874 510 3938 9,
530 3874 563 3927 13
617 3875 649 3928 31
669 3875 744 3930 Rom.
764 3876 788 3938 7,
808 3877 841 3929 23

270 3997 384 4050 sillum
406 3997 497 4068 ignem
515 3997 543 4052 B
632 3998 845 4068 tintelligisses
864 3999 894 4054 R
980 4000 1012 4053 10
1031 3999 1123 4054 fateris
1140 4000 1169 4054 R
1257 3997 1355 4069 qnidb

233 4084 264 4139 11
281 4087 330 4141 alt.
344 4085 407 4155 nou]
422 4101 484 4140 uero
498 4086 525 4142 R
562 4087 596 4141 13
610 4089 698 4141 autem
713 4087 808 4140 esseP
858 4087 973 4142 iudicem
986 4088 1085 4142 iustum
1095 4087 1148 4143 PR
1184 4088 1218 4142 15
1232 4104 1260 4141 se
1275 4089 1355 4143 ooab
1425 4086 1446 4124 V

101 4193 103 4197 ’
234 4174 266 4228 18
284 4181 357 4228 carne
375 4174 448 4229 alind
466 4175 494 4230 R
546 4176 581 4228 22
598 4176 765 4246 peccauimus
784 4177 799 4230 b
