2940 4628
561 256 772 312 Praelatio.
1176 262 1224 326 ΠΙ

101 449 239 514 minibus
261 449 393 532 propriis
422 469 502 531 quae
530 450 675 514 dicuntur
701 452 832 529 11111111,
855 452 946 515 uelut
971 452 1062 535 pauci
1085 452 1136 518 hic
1158 453 1224 518 illio

103 554 340 630 Manicbnccm,
376 556 504 638 plurimi
539 560 717 622 constanter
755 555 969 631 Manicheum,
1001 556 1055 620 alii
1096 556 1224 630 Mosco,

102 659 158 723 alii
182 658 311 742 Moyseo
332 662 478 728 refemnt.
501 662 534 725 id
557 682 628 727 curn
650 663 695 726 111
724 665 816 738 esset,
839 662 927 726 libris
960 663 1224 728 consentientibus

103 766 260 830 calculum
279 767 398 832 adicere
417 788 477 833 non
497 787 567 832 snrn
587 770 761 833 cunctatus.
781 768 836 832 sed
854 767 980 833 tametsi
997 788 1047 833 111
1066 768 1104 832 ad
1123 768 1224 834 ortho-

103 872 264 956 graphiam
287 876 463 956 spectantes
487 874 525 937 ad
549 877 663 939 certam
687 874 841 956 quandam
862 874 965 957 legem
989 874 1120 957 dirigere
1138 875 1226 939 uolui

102 981 208 1042 tamen
230 979 326 1044 libros
346 981 447 1045 bonos
469 981 515 1044 ita
537 980 632 1045 duces
656 1000 725 1044 sum
749 983 887 1056 secutus,
911 982 947 1043 ut
968 980 999 1043 in
1019 981 1064 1044 eis
1082 981 1224 1058 uocibus,

103 1084 136 1148 in
158 1085 273 1165 quibus
297 1088 475 1151 constanter
496 1086 606 1150 inflexa
633 1089 718 1150 11111
743 1085 942 1168 praepositio,
969 1087 1149 1150 retinuerim
1175 1103 1224 1151 ’11-

105 1189 337 1268 similationem,
360 1192 532 1274 respuerim
557 1192 685 1257 eendem
708 1193 740 1254 in
764 1191 819 1267 eis,
847 1191 878 1254 in
907 1192 1022 1272 quibus
1044 1192 1225 1276 praepositi-

105 1315 179 1360 ones
194 1298 344 1380 genuinas
359 1300 396 1362 ab
411 1302 536 1363 auctore
555 1302 753 1363 consematas
778 1317 846 1362 esse
872 1297 1020 1380 exemplis
1036 1298 1225 1363 declaratum

104 1402 252 1468 uiderem.
277 1404 391 1468 etenim
414 1405 472 1468 hae
495 1424 544 1469 res
568 1408 678 1486 suapte
700 1407 810 1468 natura
832 1405 975 1468 nontam
995 1404 1087 1468 certis
1111 1404 1224 1469 finibus

105 1508 356 1592 circumscriptae
388 1513 471 1587 sunt,
503 1513 540 1573 nt
571 1529 632 1574 non
664 1528 786 1591 semper
821 1508 971 1589 quaedam
1006 1510 1224 1592 exspatientur,

105 1615 298 1696 quesumus
322 1616 447 1679 canonis
470 1617 637 1679 seueritate
660 1615 821 1695 exaequari
848 1615 927 1678 ratio
951 1633 1026 1678 sana
1051 1615 1224 1696 prohibeat.

103 1720 210 1800 itaque
243 1721 354 1804 scripsi
380 1724 529 1785 -certe
561 1721 695 1785 scribere
725 1721 870 1786 uolebam
901 1756 945 1767 -
975 1723 1049 1794 ceto,
1081 1722 1225 1803 1111111191,

105 1827 228 1906 aspicio,
252 1827 377 1907 appello,
402 1831 525 1900 conecto,
550 1842 716 1906 correnum,
740 1825 918 1898 comrrrodus,
949 1826 1078 1899 immoto,
1106 1847 1225 1909 ecurpo,

105 1936 231 2012 expecto,
256 1934 358 2006 existo,
384 1933 506 2013 impero,
525 1934 660 2013 impetro,
676 1933 715 1998 al.
736 1932 791 1996 sed
806 1932 843 1996 dc
857 1932 907 1996 his
922 1932 1047 2013 quidem
1062 1932 1224 1998 hactenns.

104 2056 271 2121 pergamus
295 2039 333 2102 ad
356 2039 426 2102 alia.
1098 2045 1100 2050 ’

150 2143 280 2228 Saepius
298 2164 334 2208 ac
351 2146 482 2209 maxime
501 2145 629 2226 quidem
646 2146 678 2208 in
698 2142 900 2226 amplioribus
920 2143 1080 2225 opusculis
1100 2143 1225 2207 eaedem

106 2251 278 2314 sententiae
300 2251 450 2334 repetitae
472 2249 584 2314 iisdem
609 2250 769 2314 codicibus
791 2248 876 2312 uarie
893 2248 1025 2312 traditae
1044 2251 1127 2312 sunt.
1147 2268 1225 2330 quos

105 2354 191 2419 locos
214 2356 259 2418 111
280 2357 426 2432 11111111,
449 2358 486 2419 ut
507 2374 587 2437 quae
610 2356 763 2438 scriptura
784 2355 862 2418 mihi
888 2354 1079 2438 probaretur,
1104 2338 1226 2420 etiarnsi

105 2464 215 2542 postea
238 2465 421 2541 occurreret,
446 2481 515 2526 eam
532 2481 713 2544 reponerem
731 2479 832 2542 neque
849 2460 951 2542 priore
969 2461 1039 2524 loco
1058 2460 1226 2542 quicquam

107 2567 295 2632 adnotarem.
327 2569 462 2633 testibus
492 2568 569 2650 ipsis
600 2567 646 2631 ita
667 2586 745 2631 usus
768 2586 849 2645 sum,
873 2569 910 2630 ut
936 2566 1171 2649 antiquissimos
1195 2569 1227 2630 11

106 2673 343 2755 probatissimos
375 2674 465 2754 (prasi
497 2673 593 2739 duces
625 2692 772 2755 sequerer
806 2691 873 2750 nec,
905 2672 966 2736 nisi
996 2671 1226 2761 1111111111111111

108 2778 292 2861 scripturam
316 2781 384 2844 siue
408 2798 482 2844 casu
505 2780 639 2862 quodam
663 2781 818 2844 sematam
841 2778 909 2842 siue
931 2777 1016 2842 felici
1035 2777 1226 2841 diuinatione

106 2885 285 2948 restitutam
307 2887 466 2963 referrent,
491 2885 529 2948 ad
553 2885 741 2950 deteriomm
763 2884 945 2949 testimonia
967 2883 1172 2948 deflecterem.
1195 2882 1227 2944 in

107 2990 249 3055 codicum
282 2991 488 3074 descriptione
520 3010 589 3056 eam
619 2990 772 3055 rationem
799 2990 896 3068 tenui,
919 2992 957 3053 nt
976 2989 1010 3054 id
1032 3007 1167 3072 agerem,
1192 2991 1227 3050 ut

108 3115 186 3179 quae
206 3097 332 3161 scienda
350 3101 454 3162 essent
467 3097 566 3180 primo
581 3098 672 3180 quasi
690 3098 804 3163 obtutu
822 3095 990 3178 conspicua
1004 3096 1118 3173 essent.
1134 3113 1226 3177 quam

108 3203 192 3265 uiam
210 3203 388 3286 ingressum
406 3204 556 3268 molestas
578 3203 780 3286 repetitiones
791 3201 971 3266 euitarinon
980 3218 1074 3283 posse
1083 3199 1226 3263 baudme

106 3307 255 3392 fugiebat.
267 3311 300 3372 11
309 3310 407 3372 malui
416 3309 475 3374 hoc
486 3309 601 3373 crimen
614 3308 769 3373 incurrere
783 3325 877 3389 quam
890 3304 1106 3390 perspicuitati
1116 3323 1226 3389 parum

109 3415 280 3479 consulere.
309 3412 409 3497 neque
435 3414 515 3478 illud
538 3434 598 3479 non
627 3417 676 3479 est
698 3412 1002 3478 commemorandum
1023 3412 1055 3475 in
1079 3412 1226 3496 grauibus

109 3519 358 3601 quaestionibus,
383 3539 464 3603 quae
489 3520 528 3584 in
544 3521 605 3584 fide
628 3539 663 3584 ac
685 3519 835 3602 religione
857 3518 1110 3583 Manichaeorum
1129 3517 1229 3600 expla-

108 3626 209 3690 nanda
226 3630 401 3706 uersentur,
420 3647 471 3691 me
490 3628 627 3691 multum
647 3626 788 3690 adiutum
808 3643 876 3690 esse
891 3624 947 3703 eis,
966 3642 1045 3707 quae
1060 3622 1097 3687 de
1112 3621 1228 3688 eisdem

107 3732 209 3796 rebus
227 3731 440 3797 disseruerunt
462 3733 496 3800 F.
532 3732 612 3800 Chr.
643 3733 741 3796 Baur
767 3732 848 3807 ,Das
870 3729 1122 3797 Manichaeische
1143 3729 1225 3798 Reti-

111 3836 322 3920 gionssystem
356 3840 458 3903 1831“
496 3842 528 3904 11
558 3840 587 3904 11
610 3857 742 3920 quorum
771 3837 895 3902 libellos
922 3837 1082 3914 memorat,
1109 3834 1163 3899 Fr.
1192 3838 1227 3898 et

107 3943 200 4024 Paul
218 3944 425 4029 Bbhringer
447 3945 523 4021 ,Die
542 3945 604 4009 alte
622 3945 737 4008 Kirche
755 3944 810 4010 Xl.
838 3944 928 4008 Theil
956 3945 986 4009 24
1008 3941 1090 4008 And.
1121 3934 1221 4004 1877‘2

110 4048 172 4126 ‚Dr
188 4047 336 4114 Konrad
349 4048 505 4115 Kessler
527 4049 640 4126 ,Mani
659 4048 880 4132 Forscbungen
896 4050 972 4113 uber
986 4048 1036 4112 die
1051 4046 1225 4112 Manichae-

107 4153 454 4237 ischeReligionBerlin
467 4155 582 4219 1889“.
594 4153 649 4217 sed
658 4153 721 4216 iam
732 4153 845 4218 adrem
856 4151 1229 4235 propositamredeamus.

1122 4270 1153 4324 a*
