2940 4628
448 244 505 300 VlI.
533 243 676 300 Contra
702 239 870 301 Felicem
896 245 960 303 lib.
986 247 1008 302 1.
1220 243 1282 311 821
1378 283 1380 287 ,

165 459 226 521 qua
249 439 384 504 dixerat:
417 440 453 503 in
476 440 661 524 principio
684 439 777 506 feeit
799 439 888 504 deus
912 440 1054 504 eaelum
1078 442 1283 513 eitonam:

164 550 336 629 tamquam,
362 567 432 613 oum
457 547 675 613 audissemus:
701 546 738 611 in
764 545 950 631 principio
977 545 1070 611 feeit
1096 545 1186 611 deus
1209 563 1285 610 oae-

165 654 241 717 lum
265 655 301 718 el
322 657 470 729 terrum,
490 672 721 737 quaereremus,
740 653 865 736 qualem
882 655 1006 730 terram,
1025 650 1160 717 subiecit
1177 653 1210 716 et
1226 650 1283 715 ait:

164 763 264 823 terra
291 761 424 836 autem,
451 758 484 822 id
512 761 561 822 est
587 758 652 836 illu,
685 776 778 840 quam
807 756 923 822 lecerat
954 756 1041 836 deus,
1073 754 1284 821 inuisibilis

130 883 143 922 x
165 870 244 930 erat
266 868 304 929 et
324 864 582 949 incomposita.
607 884 669 929 non
692 883 764 948 ergo
788 863 865 928 duas
888 867 985 929 terras
1005 863 1091 942 dixit,
1110 863 1166 929 sed
1184 861 1284 945 qualis

162 974 219 1038 illa
241 973 336 1037 fuerit
360 972 512 1055 exposuit.
536 974 571 1035 tu
593 971 699 1053 itaque
721 970 874 1055 responde
896 989 979 1035 nune
1000 969 1088 1049 mihi,
1112 970 1195 1052 quod
1216 969 1283 1035 bre·

162 1079 245 1144 niter
266 1078 476 1161 interrogaui:
509 1081 592 1142 terra
617 1077 680 1142 ista
700 1076 806 1141 lueida
828 1079 860 1141 et
881 1076 982 1155 beata,
1006 1094 1098 1159 quam
1121 1074 1198 1139 dioit
1217 1074 1283 1140 Ma

162 1184 322 1260 nieheeus,
351 1202 446 1267 supra
473 1202 566 1265 quam
592 1182 721 1246 fundata
749 1184 836 1247 erant
860 1200 955 1266 regna
982 1181 1041 1260 dei,
1070 1181 1107 1246 ab
1133 1180 1202 1264 ipso
1225 1180 1283 1247 deo

161 1291 244 1355 faeta
276 1292 352 1369 eret,
385 1308 423 1353 an
454 1288 560 1374 genita
591 1288 629 1353 de
659 1288 716 1354 illo
749 1290 824 1367 erat,
858 1307 896 1351 un
927 1290 1090 1353 coaeterna
1118 1286 1167 1350 illi
1194 1289 1283 1351 erata

118 1418 144 1456 ao
161 1417 259 1461 uuum
292 1395 329 1459 de
361 1394 481 1472 tribus,
518 1393 580 1459 nisi
613 1394 784 1459 molestum
820 1396 887 1471 est,
925 1393 992 1458 sine
1025 1391 1283 1476 tergiuersatione

161 1501 323 1584 responde.

204 1609 284 1674 FEL.
309 1608 403 1672 dixit:
428 1609 502 1690 Ipsa
524 1626 558 1672 se
581 1607 735 1691 scriptura
755 1606 986 1688 interpretatur.

203 1713 289 1780 ΑΗΕ.
309 1713 403 1778 dixit:
428 1712 461 1778 Si
484 1732 557 1796 ergo
581 1713 664 1778 nosti
687 1730 756 1778 esse
778 1713 830 1776 hio
854 1711 989 1794 aliquem
1011 1713 1128 1790 looum,
1146 1711 1202 1777 ubi
1222 1712 1283 1778 hoo

161 1820 245 1885 dieat
272 1820 435 1904 scriptura,
463 1820 536 1902 quia
562 1819 649 1883 illum
675 1821 789 1883 terram
815 1817 868 1881 uel
895 1818 1005 1901 gennit
1031 1818 1108 1884 deus
1134 1819 1188 1883 uel
1208 1819 1284 1884 feeit
1394 1829 1416 1841 ”

118 1947 142 1984 ιε
159 1927 213 1992 uel
235 1929 399 1991 coaeterna
419 1925 468 1989 illi
491 1928 566 2004 erat,
594 1925 679 2009 aperi
705 1924 744 1988 ad
770 1924 885 2003 looum,
913 1943 1005 2006 quem
1032 1925 1126 2004 nosti,
1153 1926 1186 1990 et
1210 1925 1282 2009 lege

160 2032 246 2098 mihi.

203 2138 285 2206 FEL.
310 2138 404 2203 dixit:
427 2139 498 2204 Non
521 2137 624 2202 estin
646 2139 710 2202 iste
732 2137 895 2220 scriptura,
919 2137 1027 2203 sedin
1049 2138 1157 2204 altera.

120 2236 124 2240 ’
202 2243 288 2310 Aoo.
322 2244 416 2309 dixit:
450 2243 548 2309 Credo
580 2263 664 2328 ergo,
697 2243 780 2327 quia,
813 2243 841 2309 si
866 2261 932 2325 >qua
963 2245 1012 2308 est
1037 2244 1093 2308 illa
1120 2245 1281 2328 scriptura,

159 2350 343 2429 meministi,
367 2351 442 2433 quid
462 2349 507 2415 ibi
530 2350 648 2415 dixerit
671 2349 777 2431 itaque
798 2352 835 2414 tu
852 2349 930 2414 mihi
947 2349 1109 2431 responde,
1128 2349 1182 2431 qui
1199 2348 1284 2431 nosti

118 2473 145 2513 σο
160 2456 249 2522 illam
272 2457 476 2541 scripturam:
501 2459 533 2521 et
555 2455 583 2521 si
605 2455 719 2534 dixero,
743 2455 898 2538 quianon
920 2455 966 2520 sio
988 2455 1102 2535 habet,
1116 2454 1282 2521 oouuinoes

157 2583 218 2628 me.
248 2563 275 2629 si
297 2566 404 2628 autem
427 2562 472 2628 εἰσ
496 2581 682 2647 eognouero,
704 2562 877 2628 seeundum
899 2562 959 2628 hoo
981 2562 1118 2646 disputo,
1141 2560 1225 2645 quod
1245 2563 1283 2626 tu

157 2669 226 2753 ipse
247 2668 456 2753 responderis.
488 2668 539 2733 dio
566 2680 650 2760 ergo,
678 2687 715 2732 an
743 2667 852 2733 lecerit
876 2671 991 2734 terram
1015 2668 1110 2734 istim
1132 2667 1220 2748 deus,
1243 2685 1282 2731 an

99 2799 104 2804 ·
158 2775 312 2860 genuerit,
344 2793 382 2840 an
414 2776 583 2848 coaeterna,
602 2775 651 2838 illi
676 2775 781 2854 luerit,
809 2774 862 2858 qui
892 2773 999 2860 legisti
1028 2773 1192 2840 innescio
1219 2792 1280 2856 quo

159 2880 251 2962 libro,
274 2880 330 2946 ubi
354 2899 423 2946 esse
445 2881 506 2947 hoo
521 2881 679 2965 'seriptum
702 2880 790 2947 dieis.

114 3005 141 3044 σε
202 2987 282 3054 Fun.
306 2989 400 3055 dixit:
425 2988 506 3070 Quia
526 2991 619 3056 modo
643 2990 793 3056 sanctitas
815 2993 871 3060 tua
888 2990 1093 3074 'interpretata
1115 2992 1164 3055 est
1185 2989 1292 3073 scrip.

159 3097 263 3160 turam
285 3099 383 3172 tuem,
411 3095 567 3179 quomodo
594 3095 726 3163 uoluisti
752 3098 785 3162 et
812 3097 983 3180 aooeptaui,
1010 3098 1043 3162 et
1067 3099 1104 3162 tu
1130 3096 1176 3162 εἰσ
1201 3095 1280 3160 mrh1
1301 3176 1303 3180 p

161 3205 298 3287 accepte,
322 3203 471 3286 quioquid
494 3203 607 3271 dixero

199 3308 286 3375 ΑΗΘ.
315 3309 409 3375 dixit:
441 3310 570 3375 Interim
602 3311 685 3394 qnod
711 3309 911 3396 interrogaui,
940 3309 968 3375 si
993 3309 1072 3374 nihil
1096 3328 1147 3375 me
1173 3311 1280 3375 eontra

156 3415 301 3494 mouerit,
334 3420 480 3498 aooepto;
514 3416 542 3492 si
571 3419 673 3481 autem
708 3415 826 3497 aliquid
854 3415 999 3496 mouerit,
1026 3417 1147 3481 motum
1173 3434 1278 3480 meum

109 3532 138 3572 ³⁰
156 3520 259 3586 indico
284 3521 353 3599 tibi,
375 3525 413 3586 ut
434 3522 474 3586 ad
494 3521 599 3605 ipsum
620 3521 817 3609 respondeas.
901 3550 908 3597 3

243 3661 258 3713 1
279 3657 345 3714 Gen.
366 3662 389 3726 l,
410 3662 422 3714 l
443 3678 483 3731 sq.
539 3699 543 3705 -

190 3756 289 3811 llecit
307 3756 339 3822 ds
358 3759 442 3828 celum
462 3759 489 3812 P
575 3761 932 3830 dquaereremus-terram
950 3759 1046 3819 om.R
1151 3757 1277 3828 diuitt

156 3846 189 3918 12
208 3863 236 3900 se
255 3864 305 3902 om.
324 3847 353 3903 Id
461 3849 495 3902 13
513 3847 601 3918 aliqud
620 3847 711 3902 esset
804 3846 852 3901 ubi
872 3847 955 3901 michi
975 3846 1025 3902 hoo
1048 3846 1121 3902 dieat
1136 3847 1190 3902 ista
1206 3837 1278 3902 PR&

155 3934 186 3988 17
205 3934 235 3988 in
252 3934 316 4003 ista]
334 3935 387 3989 ista
403 3935 432 3991 Id
520 3935 554 3990 18
572 3935 647 4005 ergo]
663 3933 786 4004 inquitb
874 3934 951 3989 2001
970 3935 1011 4004 (ia
1031 3951 1115 4006 marp.
1134 3934 1163 3988 al
1179 3934 1278 4005 nisilb
1320 3962 1322 3965 ·

153 4022 192 4076 εἰσ
210 4023 280 4077 nod
351 4023 385 4077 23
405 4023 496 4081 erait
568 4022 624 4094 qui]
643 4021 715 4093 quod
731 4022 759 4078 R
833 4022 862 4076 in
885 4024 975 4077 uestro
995 4023 1081 4093 quob
1152 4023 1188 4078 24
1204 4022 1277 4078 ibib

154 4137 187 4191 25
206 4142 285 4193 modo
304 4154 354 4193 om.
372 4137 400 4193 R
454 4138 488 4191 ‘26
507 4138 573 4192 mihi
591 4137 663 4193 siet
717 4134 751 4193 28
768 4096 925 4208 interrogaui¹
938 4131 966 4192 R
1078 4216 1080 4221 Ι
