2940 4628
602 266 816 321 Praefatio.

387 566 441 630 Dll
464 565 561 631 FIDE
586 460 751 632 CONTIlA
773 565 1055 634 MANIOHAEOS.

203 695 379 775 Antequam
403 691 547 757 codicum
565 710 729 756 recensum
747 692 861 755 habere
880 711 1018 775 pergam,
1039 693 1132 756 aliam
1151 695 1286 775 quaesti-

161 822 252 868 onem
275 801 398 865 soluore
420 817 471 863 me
494 797 660 881 oportebit,
684 797 819 878 quaein
843 817 879 862 eo
904 800 961 876 est,
980 801 1087 862 utrum
1109 799 1169 864 hoo
1194 818 1287 882 opus-

159 911 266 974 culum
297 909 382 970 recte
414 904 453 969 ad
483 903 696 988 Augustinum
728 905 888 967 auctorem
923 903 1075 968 referatur
1109 922 1217 971 necne.
1254 906 1286 970 iu

160 1034 253 1097 quam
276 1032 341 1076 rem
364 1011 410 1074 ita
427 1009 505 1074 mihi
526 1004 747 1091 inquirendum
766 1028 835 1074 esse
853 1009 988 1087 uidetur,
1008 1012 1045 1074 ut
1061 1011 1197 1094 primum
1214 1012 1287 1076 libri

159 1120 341 1185 memoriam
373 1135 551 1201 persequar,
582 1117 652 1179 tum
683 1115 716 1179 in
748 1114 928 1179 interiorem
959 1116 1111 1181 rationem
1134 1119 1287 1200 peruecti·
1361 1159 1365 1166 ·

160 1226 293 1311 gandam
317 1222 512 1288 descendam.
537 1224 631 1303 atque
648 1221 729 1285 illud
748 1224 869 1285 certum
888 1224 937 1286 est
954 1241 1054 1304 neque
1072 1224 1287 1308 Augustinum

158 1334 190 1396 in
213 1328 498 1396 Retractationibus
516 1328 576 1393 hoc
595 1328 782 1411 opusculum
799 1348 970 1394 memorare
989 1349 1088 1411 neque
1107 1331 1287 1395 Possidium

159 1441 192 1504 in
222 1437 361 1502 indiculo
394 1435 461 1499 eius
493 1434 683 1499 mentionem
713 1434 825 1499 facere.
859 1455 920 1518 quo
953 1436 1081 1502 silentio.
1112 1457 1148 1501 eo
1184 1438 1286 1521 magis

161 1561 335 1619 monemur,
359 1541 443 1624 quod
460 1540 675 1624 Augustinum
697 1542 881 1606 acerrimum
900 1543 1156 1607 Manichaeomm
1179 1543 1287 1607 aduer-

161 1653 278 1719 sarium
304 1648 403 1712 fuisse
430 1648 511 1711 inter
540 1665 647 1711 omnes
671 1650 804 1725 constat,
832 1650 869 1712 ut
890 1667 1017 1731 prorsus
1039 1649 1222 1713 incredibile
1245 1650 1288 1714 sit

160 1758 226 1823 lieri
254 1755 407 1840 potuisse,
435 1756 472 1818 ut
499 1753 566 1819 eius
595 1772 673 1837 opus
702 1753 870 1819 obliuionis
897 1753 1034 1818 tenebris
1058 1756 1286 1820 obscuraretur.

103 1945 105 1949 Ι
161 1864 284 1929 accedit
311 1862 404 1940 enim,
433 1859 518 1942 quod
544 1861 667 1924 nullum
698 1860 838 1925 codicem
860 1861 1039 1944 Augustino
1067 1861 1219 1944 scriptum
1242 1865 1287 1925 at-

66 1972 69 1984 '
124 1956 125 1959 ¹
160 1969 298 2035 tribuere
331 1986 385 2050 pro
419 1968 503 2031 certo
535 1964 685 2028 affirmari
715 1967 829 2047 potest.
862 1984 934 2029 nam
958 1985 1026 2030 eam
1050 1965 1287 2046 dubitationem,

160 2093 255 2158 quam
289 2072 413 2138 codices
436 2089 455 2134 a
476 2089 526 2134 me
551 2071 683 2136 adhibiti
713 2075 843 2137 mouent
873 2073 1043 2143 referentes
1069 2074 1287 2139 testimoninm

161 2183 207 2246 ita
238 2180 475 2255 conformatum,
507 2179 545 2242 ut
582 2178 729 2260 ignorari,
761 2179 868 2242 utrum
899 2178 1072 2262 Augustini
1104 2198 1142 2243 an
1174 2179 1288 2244 Eudoii

35 2289 37 2293 ’
163 2288 215 2364 sit,
242 2286 377 2363 tradant,
406 2288 438 2349 et
466 2284 572 2350 codice
601 2284 781 2350 Gorbeiensi
805 2287 836 2348 et
859 2283 929 2348 aliis
954 2284 1046 2348 eximi
1067 2286 1201 2350 lacobus
1226 2286 1287 2352 Sir·

161 2394 296 2459 mondus
327 2392 359 2455 in
390 2390 522 2455 historia
553 2390 838 2472 praedestinatiana
869 2409 935 2473 cap.
971 2392 986 2454 1
1021 2390 1146 2466 scribit;
1184 2390 1289 2456 confer

161 2497 360 2581 Patrologiae
393 2516 474 2561 curs.
508 2497 622 2589 compl.
653 2495 727 2560 LIH
758 2497 822 2561 674
855 2498 886 2560 et
912 2496 1042 2578 Dupinii
1062 2496 1187 2589 Nouam
1210 2497 1287 2561 bibl.

163 2607 245 2671 auct.
279 2604 355 2670 eccl.
387 2602 435 2666 ΙΠ
467 2604 541 2668 467.
573 2622 674 2685 neque
706 2603 842 2668 editores
873 2603 1083 2669 Louanienses
1119 2603 1288 2668 memoriae

163 2711 225 2775 fide
247 2709 307 2773 niti
330 2708 518 2792 opusculum
540 2708 719 2791 Augustino
749 2709 939 2774 ascribentes
963 2711 995 2773 et
1017 2728 1053 2773 ex
1075 2728 1182 2775 eorum
1206 2708 1289 2774 codi-

164 2817 253 2882 cibus
276 2815 410 2898 patescit
433 2815 465 2878 et
487 2833 523 2879 ex
546 2815 591 2879 eis
614 2833 693 2896 quae
716 2816 804 2881 Tem.
824 2816 951 2879 111236
972 2816 1128 2882 scribunt:
1152 2815 1201 2880 Dc
1216 2816 1289 2880 aaa

162 2923 254 2986 dadas
276 2919 401 2984 outloore
422 2919 509 2983 oolla
529 2919 590 3002 fait
611 2906 757 3001 aorqoom
778 2921 936 2995 dubitatio,
958 2921 1054 3002 plotae
1079 2923 1160 2986 enim
1182 2923 1288 3006 Aegeo

163 3028 239 3092 stiaa‘
260 3047 326 3100 ‘esse
352 3026 494 3090 addetur:
525 3028 560 3088 at
584 3027 699 3089 mbram
724 3028 766 3090 sa
779 3047 841 3091 aec
862 3029 897 3090 a'a
920 3026 1199 3092 Retractoto'oac'bus
1217 3049 1289 3092 cum

31 3193 33 3199 .
163 3134 269 3198 leobero‘
289 3153 344 3196 occ
365 3135 399 3196 ia
420 3132 564 3207 codiculo.
583 3133 665 3197 unde
685 3134 793 3218 colligi
809 3134 885 3198 licet
904 3153 956 3199 eos
976 3154 1037 3199 non
1055 3138 1121 3199 tam
1139 3136 1290 3200 memoria

166 3238 300 3304 confisos
323 3256 417 3320 quam
438 3237 533 3331 rebus
555 3238 588 3301 in
612 3238 728 3321 scripto
750 3240 894 3304 tractatis
919 3258 955 3303 eo
979 3239 1131 3305 adductos
1155 3247 1290 3318 esseut

47 3365 49 3369 ·
90 3344 92 3348 ⁴
164 3344 342 3428 Augustino
366 3343 525 3408 conuinire
548 3344 606 3408 sibi
631 3345 862 3426 persuaderent.
887 3346 970 3426 quod
992 3357 1086 3428 quam
1105 3364 1123 3409 a
1141 3365 1215 3411 uero
1238 3348 1290 3410 ab·

164 3452 299 3528 horreat,
322 3449 385 3513 iam
407 3448 579 3514 uidendum
603 3449 671 3516 erit.

210 3557 314 3638 Atque
339 3555 498 3638 principio
529 3555 589 3622 hfioc
621 3556 792 3620 tenendum
824 3559 883 3633 est,
907 3575 987 3638 quac
1009 3557 1042 3622 in
1064 3557 1144 3622 libro
1168 3557 1207 3624 de
1229 3558 1290 3624 fide

166 3665 275 3728 contra
303 3660 506 3731 Manichaeos
541 3662 687 3745 legantur
722 3680 759 3726 ea
795 3661 896 3726 aliena
931 3681 1000 3727 esse
1037 3663 1075 3726 ab
1112 3663 1172 3742 eis,
1204 3682 1290 3746 >quae

166 3767 365 3851 Augustinus
397 3767 428 3831 in
461 3768 614 3850 opusculo
647 3767 731 3849 quod
745 3817 747 3819 .
762 3768 812 3833 est
825 3757 871 3832 'de
893 3767 955 3833 lide
979 3767 1133 3833 catholica
1155 3768 1310 3853 scripsit

167 3893 248 3957 quae
275 3892 325 3937 res
349 3892 368 3937 a
389 3892 474 3938 more
501 3873 596 3938 buius
624 3874 762 3939 auctoris
788 3874 821 3938 in
848 3875 919 3939 aliis
947 3869 1071 3958 scriptis
1098 3875 1218 3941 similes
1241 3895 1290 3942 res

128 4019 129 4022 =
167 3978 343 4059 tractantis,
370 3977 447 4046 licet
473 3979 525 4045 hic
552 3980 646 4044 aliam
671 3981 825 4046 rationem
847 3981 1032 4064 scriptorem
1055 4000 1124 4048 esse
1147 3977 1292 4048 secutum

168 4087 263 4165 atque
285 4083 317 4147 in
339 4083 395 4148 illo
428 4085 591 4164 concedas,
622 4105 750 4167 prorsus
781 4084 908 4152 recedit.
941 4086 1004 4150 iam
1033 4087 1127 4171 longe
1158 4089 1292 4153 maxima

167 4207 240 4273 pars
265 4227 304 4236 —
329 4189 434 4253 confer
462 4207 528 4273 cap.
557 4191 587 4254 4.
613 4193 643 4256 5.
667 4184 697 4256 8'.
722 4193 752 4255 9.
779 4193 829 4255 10.
855 4191 906 4257 11.
933 4194 983 4256 12.
1010 4194 1060 4262 14.
1087 4194 1213 4259 15.16.
1239 4197 1290 4260 17.
