<?xml version="1.0" encoding="UTF-8"?>
<!DOCTYPE html PUBLIC "-//W3C//DTD XHTML 1.0 Transitional//EN"
    "http://www.w3.org/TR/xhtml1/DTD/xhtml1-transitional.dtd">
<html xmlns="http://www.w3.org/1999/xhtml" xml:lang="en" lang="en">
 <head>
  <title>
</title>
<meta http-equiv="Content-Type" content="text/html;charset=utf-8" />
  <meta name='ocr-system' content='tesseract 3.04.00' />
  <meta name='ocr-capabilities' content='ocr_page ocr_carea ocr_par ocr_line ocrx_word'/>
</head>
<body>
  <div class='ocr_page' id='page_1' title='image "./sanctiavreliavg00zychgoog_0149.png"; bbox 0 0 2940 4628; ppageno 0'>
   <div class='ocr_carea' id='block_1_1' title="bbox 273 273 1049 345">
    <p class='ocr_par' dir='ltr' id='par_1_1' title="bbox 273 273 1049 345">
     <span class='ocr_line' id='line_1_1' title="bbox 273 273 1049 345; baseline -0.024 0"><span class='ocrx_word' id='word_1_1' title='bbox 273 281 336 345; x_wconf 83' lang='lat'><strong>850</strong></span> <span class='ocrx_word' id='word_1_2' title='bbox 621 274 647 329; x_wconf 86' lang='lat' dir='ltr'><strong>S.</strong></span> <span class='ocrx_word' id='word_1_3' title='bbox 674 273 809 329; x_wconf 76' lang='lat' dir='ltr'><strong>Aureli</strong></span> <span class='ocrx_word' id='word_1_4' title='bbox 836 274 1049 344; x_wconf 79' lang='lat' dir='ltr'><strong>Augustini</strong></span> 
     </span>
    </p>
   </div>
   <div class='ocr_carea' id='block_1_2' title="bbox 270 468 1426 1506">
    <p class='ocr_par' dir='ltr' id='par_1_2' title="bbox 270 468 1426 1506">
     <span class='ocr_line' id='line_1_2' title="bbox 315 468 1388 550; baseline 0 -15"><span class='ocrx_word' id='word_1_5' title='bbox 315 471 399 536; x_wconf 80' lang='lat' dir='ltr'><strong>Auo.</strong></span> <span class='ocrx_word' id='word_1_6' title='bbox 423 470 517 538; x_wconf 90' lang='lat' dir='ltr'><strong>dixit:</strong></span> <span class='ocrx_word' id='word_1_7' title='bbox 542 468 603 536; x_wconf 83' lang='lat' dir='ltr'><strong>Sed</strong></span> <span class='ocrx_word' id='word_1_8' title='bbox 625 468 728 532; x_wconf 90' lang='lat' dir='ltr'><strong>anima</strong></span> <span class='ocrx_word' id='word_1_9' title='bbox 749 473 883 533; x_wconf 90' lang='lat' dir='ltr'><strong>nonest</strong></span> <span class='ocrx_word' id='word_1_10' title='bbox 904 487 975 550; x_wconf 85' lang='lat' dir='ltr'><strong>pars</strong></span> <span class='ocrx_word' id='word_1_11' title='bbox 999 468 1058 533; x_wconf 90' lang='lat' dir='ltr'><strong>dei.</strong></span> <span class='ocrx_word' id='word_1_12' title='bbox 1081 487 1153 533; x_wconf 92' lang='lat' dir='ltr'><strong>nam</strong></span> <span class='ocrx_word' id='word_1_13' title='bbox 1175 471 1211 532; x_wconf 93' lang='lat' dir='ltr'><strong>tu</strong></span> <span class='ocrx_word' id='word_1_14' title='bbox 1233 469 1296 533; x_wconf 88' lang='lat' dir='ltr'><strong>iam</strong></span> <span class='ocrx_word' id='word_1_15' title='bbox 1319 489 1388 535; x_wconf 92' lang='lat' dir='ltr'><strong>con-</strong></span> 
     </span>
     <span class='ocr_line' id='line_1_3' title="bbox 273 575 1388 660; baseline 0.001 -18"><span class='ocrx_word' id='word_1_16' title='bbox 273 579 377 644; x_wconf 85' lang='lat' dir='ltr'><strong>fessus</strong></span> <span class='ocrx_word' id='word_1_17' title='bbox 405 597 449 655; x_wconf 86' lang='lat' dir='ltr'><strong>cs,</strong></span> <span class='ocrx_word' id='word_1_18' title='bbox 478 577 550 660; x_wconf 89' lang='lat' dir='ltr'><strong>quia</strong></span> <span class='ocrx_word' id='word_1_19' title='bbox 571 577 773 645; x_wconf 85' lang='lat' dir='ltr'><strong>Manichacus</strong></span> <span class='ocrx_word' id='word_1_20' title='bbox 801 575 877 639; x_wconf 90' lang='lat' dir='ltr'><strong>dixit</strong></span> <span class='ocrx_word' id='word_1_21' title='bbox 902 575 1056 658; x_wconf 88' lang='lat' dir='ltr'><strong>pollutam</strong></span> <span class='ocrx_word' id='word_1_22' title='bbox 1083 579 1203 658; x_wconf 88' lang='lat' dir='ltr'><strong>partem</strong></span> <span class='ocrx_word' id='word_1_23' title='bbox 1231 576 1280 641; x_wconf 91' lang='lat' dir='ltr'><strong>dei</strong></span> <span class='ocrx_word' id='word_1_24' title='bbox 1287 601 1298 654; x_wconf 82' lang='lat'>3</span> <span class='ocrx_word' id='word_1_25' title='bbox 1331 597 1388 643; x_wconf 89' lang='lat' dir='ltr'><strong>uos</strong></span> 
     </span>
     <span class='ocr_line' id='line_1_4' title="bbox 272 682 1388 767; baseline 0.001 -19"><span class='ocrx_word' id='word_1_26' title='bbox 272 687 378 749; x_wconf 87' lang='lat' dir='ltr'><strong>autem</strong></span> <span class='ocrx_word' id='word_1_27' title='bbox 404 685 557 767; x_wconf 92' lang='lat' dir='ltr'><strong>pollutam</strong></span> <span class='ocrx_word' id='word_1_28' title='bbox 584 683 716 748; x_wconf 84' lang='lat' dir='ltr'>dicimus</span> <span class='ocrx_word' id='word_1_29' title='bbox 744 682 878 748; x_wconf 91' lang='lat' dir='ltr'><strong>animam</strong></span> <span class='ocrx_word' id='word_1_30' title='bbox 906 702 940 747; x_wconf 91' lang='lat' dir='ltr'><strong>ex</strong></span> <span class='ocrx_word' id='word_1_31' title='bbox 968 683 1129 748; x_wconf 89' lang='lat' dir='ltr'><strong>uoluntate</strong></span> <span class='ocrx_word' id='word_1_32' title='bbox 1155 684 1294 766; x_wconf 70' lang='lat' dir='ltr'><strong>peccati:</strong></span> <span class='ocrx_word' id='word_1_33' title='bbox 1326 704 1388 749; x_wconf 89' lang='lat' dir='ltr'><strong>uon</strong></span> 
     </span>
     <span class='ocr_line' id='line_1_5' title="bbox 272 788 1388 873; baseline -0.003 -17"><span class='ocrx_word' id='word_1_34' title='bbox 272 810 340 864; x_wconf 87' lang='lat' dir='ltr'><strong>esse</strong></span> <span class='ocrx_word' id='word_1_35' title='bbox 364 792 468 855; x_wconf 87' lang='lat' dir='ltr'><strong>autem</strong></span> <span class='ocrx_word' id='word_1_36' title='bbox 492 791 626 854; x_wconf 89' lang='lat' dir='ltr'><strong>animam</strong></span> <span class='ocrx_word' id='word_1_37' title='bbox 649 792 767 873; x_wconf 87' lang='lat' dir='ltr'><strong>partem</strong></span> <span class='ocrx_word' id='word_1_38' title='bbox 791 788 849 867; x_wconf 88' lang='lat' dir='ltr'><strong>dei,</strong></span> <span class='ocrx_word' id='word_1_39' title='bbox 878 809 938 854; x_wconf 91' lang='lat' dir='ltr'><strong>nou</strong></span> <span class='ocrx_word' id='word_1_40' title='bbox 967 788 1004 851; x_wconf 84' lang='lat' dir='ltr'><strong>de</strong></span> <span class='ocrx_word' id='word_1_41' title='bbox 1032 788 1089 853; x_wconf 92' lang='lat' dir='ltr'><strong>deo</strong></span> <span class='ocrx_word' id='word_1_42' title='bbox 1116 789 1263 872; x_wconf 81' lang='lat' dir='ltr'>genitam,</span> <span class='ocrx_word' id='word_1_43' title='bbox 1291 789 1347 853; x_wconf 90' lang='lat' dir='ltr'><strong>sed</strong></span> <span class='ocrx_word' id='word_1_44' title='bbox 1370 808 1388 853; x_wconf 94' lang='lat' dir='ltr'><strong>a</strong></span> 
     </span>
     <span class='ocr_line' id='line_1_6' title="bbox 273 894 1416 979; baseline -0.001 -18"><span class='ocrx_word' id='word_1_45' title='bbox 273 896 329 961; x_wconf 91' lang='lat' dir='ltr'><strong>deo</strong></span> <span class='ocrx_word' id='word_1_46' title='bbox 352 897 477 962; x_wconf 84' lang='lat' dir='ltr'><strong>factam.</strong></span> <span class='ocrx_word' id='word_1_47' title='bbox 511 895 652 979; x_wconf 86' lang='lat' dir='ltr'><strong>sicergo</strong></span> <span class='ocrx_word' id='word_1_48' title='bbox 676 894 790 959; x_wconf 91' lang='lat' dir='ltr'><strong>dicitur</strong></span> <span class='ocrx_word' id='word_1_49' title='bbox 812 895 914 959; x_wconf 89' lang='lat' dir='ltr'><strong>anima</strong></span> <span class='ocrx_word' id='word_1_50' title='bbox 937 914 972 959; x_wconf 91' lang='lat' dir='ltr'><strong>ex</strong></span> <span class='ocrx_word' id='word_1_51' title='bbox 996 894 1063 973; x_wconf 87' lang='lat' dir='ltr'><strong>deo,</strong></span> <span class='ocrx_word' id='word_1_52' title='bbox 1092 895 1246 977; x_wconf 93' lang='lat' dir='ltr'><strong>quomodo</strong></span> <span class='ocrx_word' id='word_1_53' title='bbox 1274 895 1416 960; x_wconf 81' lang='lat' dir='ltr'><strong>dicitur⁶</strong></span> 
     </span>
     <span class='ocr_line' id='line_1_7' title="bbox 272 1001 1385 1086; baseline 0 -20"><span class='ocrx_word' id='word_1_54' title='bbox 272 1002 396 1084; x_wconf 83' lang='lat' dir='ltr'><strong>aliquod</strong></span> <span class='ocrx_word' id='word_1_55' title='bbox 421 1021 499 1086; x_wconf 84' lang='lat' dir='ltr'><strong>opus</strong></span> <span class='ocrx_word' id='word_1_56' title='bbox 521 1001 600 1066; x_wconf 86' lang='lat' dir='ltr'><strong>fabri</strong></span> <span class='ocrx_word' id='word_1_57' title='bbox 624 1021 659 1067; x_wconf 88' lang='lat' dir='ltr'><strong>ex</strong></span> <span class='ocrx_word' id='word_1_58' title='bbox 682 1001 810 1066; x_wconf 90' lang='lat' dir='ltr'><strong>artificio</strong></span> <span class='ocrx_word' id='word_1_59' title='bbox 844 1002 911 1066; x_wconf 91' lang='lat' dir='ltr'><strong>eius</strong></span> <span class='ocrx_word' id='word_1_60' title='bbox 934 1001 987 1064; x_wconf 92' lang='lat' dir='ltr'><strong>uel</strong></span> <span class='ocrx_word' id='word_1_61' title='bbox 1011 1021 1046 1065; x_wconf 88' lang='lat' dir='ltr'><strong>ex</strong></span> <span class='ocrx_word' id='word_1_62' title='bbox 1072 1001 1141 1085; x_wconf 91' lang='lat' dir='ltr'><strong>ipso</strong></span> <span class='ocrx_word' id='word_1_63' title='bbox 1168 1002 1296 1080; x_wconf 85' lang='lat' dir='ltr'><strong>factum,</strong></span> <span class='ocrx_word' id='word_1_64' title='bbox 1324 1021 1385 1067; x_wconf 91' lang='lat' dir='ltr'><strong>uon</strong></span> 
     </span>
     <span class='ocr_line' id='line_1_8' title="bbox 270 1107 1385 1192; baseline 0 -20"><span class='ocrx_word' id='word_1_65' title='bbox 270 1111 375 1173; x_wconf 90' lang='lat' dir='ltr'><strong>tamen</strong></span> <span class='ocrx_word' id='word_1_66' title='bbox 399 1108 436 1172; x_wconf 88' lang='lat' dir='ltr'><strong>de</strong></span> <span class='ocrx_word' id='word_1_67' title='bbox 453 1109 527 1190; x_wconf 92' lang='lat' dir='ltr'><strong>ipso</strong></span> <span class='ocrx_word' id='word_1_68' title='bbox 550 1108 700 1192; x_wconf 85' lang='lat' dir='ltr'><strong>genitum,</strong></span> <span class='ocrx_word' id='word_1_69' title='bbox 729 1108 812 1172; x_wconf 89' lang='lat' dir='ltr'><strong>sicut</strong></span> <span class='ocrx_word' id='word_1_70' title='bbox 838 1107 922 1173; x_wconf 91' lang='lat' dir='ltr'><strong>filius</strong></span> <span class='ocrx_word' id='word_1_71' title='bbox 951 1107 1028 1172; x_wconf 88' lang='lat' dir='ltr'><strong>eius.</strong></span> <span class='ocrx_word' id='word_1_72' title='bbox 1061 1109 1096 1171; x_wconf 88' lang='lat' dir='ltr'><strong>tu</strong></span> <span class='ocrx_word' id='word_1_73' title='bbox 1125 1127 1197 1192; x_wconf 85' lang='lat' dir='ltr'><strong>crgo</strong></span> <span class='ocrx_word' id='word_1_74' title='bbox 1226 1108 1297 1190; x_wconf 83' lang='lat' dir='ltr'><strong>quia</strong></span> <span class='ocrx_word' id='word_1_75' title='bbox 1322 1109 1385 1172; x_wconf 91' lang='lat' dir='ltr'><strong>iam</strong></span> 
     </span>
     <span class='ocr_line' id='line_1_9' title="bbox 270 1214 1385 1297; baseline -0.002 -17"><span class='ocrx_word' id='word_1_76' title='bbox 270 1214 432 1282; x_wconf 86' lang='lat' dir='ltr'><strong>confessus</strong></span> <span class='ocrx_word' id='word_1_77' title='bbox 457 1234 489 1279; x_wconf 89' lang='lat' dir='ltr'><strong>es</strong></span> <span class='ocrx_word' id='word_1_78' title='bbox 513 1214 731 1279; x_wconf 91' lang='lat' dir='ltr'><strong>Manichaeum</strong></span> <span class='ocrx_word' id='word_1_79' title='bbox 764 1214 876 1279; x_wconf 88' lang='lat' dir='ltr'><strong>dixisse</strong></span> <span class='ocrx_word' id='word_1_80' title='bbox 903 1214 1003 1297; x_wconf 91' lang='lat' dir='ltr'><strong>pollui</strong></span> <span class='ocrx_word' id='word_1_81' title='bbox 1028 1217 1149 1297; x_wconf 90' lang='lat' dir='ltr'><strong>partem</strong></span> <span class='ocrx_word' id='word_1_82' title='bbox 1177 1214 1226 1278; x_wconf 90' lang='lat' dir='ltr'><strong>dei</strong></span> <span class='ocrx_word' id='word_1_83' title='bbox 1252 1217 1284 1278; x_wconf 91' lang='lat' dir='ltr'><strong>et</strong></span> <span class='ocrx_word' id='word_1_84' title='bbox 1309 1215 1385 1279; x_wconf 91' lang='lat' dir='ltr'><strong>iam-</strong></span> 
     </span>
     <span class='ocr_line' id='line_1_10' title="bbox 270 1319 1385 1402; baseline 0 -18"><span class='ocrx_word' id='word_1_85' title='bbox 270 1319 387 1384; x_wconf 88' lang='lat' dir='ltr'><strong>dudum</strong></span> <span class='ocrx_word' id='word_1_86' title='bbox 426 1319 530 1384; x_wconf 76' lang='lat' dir='ltr'><strong>dixisti</strong></span> <span class='ocrx_word' id='word_1_87' title='bbox 566 1319 844 1397; x_wconf 78' lang='lat' dir='ltr'><strong>anathemandum,</strong></span> <span class='ocrx_word' id='word_1_88' title='bbox 877 1319 930 1401; x_wconf 92' lang='lat' dir='ltr'><strong>qui</strong></span> <span class='ocrx_word' id='word_1_89' title='bbox 962 1319 1039 1383; x_wconf 90' lang='lat' dir='ltr'><strong>dicit</strong></span> <span class='ocrx_word' id='word_1_90' title='bbox 1069 1320 1301 1402; x_wconf 81' lang='lat' dir='ltr'><strong>corruptibilem</strong></span> <span class='ocrx_word' id='word_1_91' title='bbox 1332 1321 1385 1384; x_wconf 87' lang='lat' dir='ltr'><strong>uel</strong></span> 
     </span>
     <span class='ocr_line' id='line_1_11' title="bbox 270 1425 1426 1506; baseline 0 -15"><span class='ocrx_word' id='word_1_92' title='bbox 270 1425 542 1491; x_wconf 75' lang='lat' dir='ltr'><strong>contaminabilem</strong></span> <span class='ocrx_word' id='word_1_93' title='bbox 574 1425 667 1489; x_wconf 88' lang='lat' dir='ltr'><strong>deum</strong></span> <span class='ocrx_word' id='word_1_94' title='bbox 698 1427 751 1489; x_wconf 87' lang='lat' dir='ltr'><strong>uel</strong></span> <span class='ocrx_word' id='word_1_95' title='bbox 782 1428 924 1489; x_wconf 88' lang='lat' dir='ltr'><strong>naturam</strong></span> <span class='ocrx_word' id='word_1_96' title='bbox 956 1425 1041 1503; x_wconf 87' lang='lat' dir='ltr'><strong>eius,</strong></span> <span class='ocrx_word' id='word_1_97' title='bbox 1073 1425 1135 1489; x_wconf 93' lang='lat' dir='ltr'><strong>iam</strong></span> <span class='ocrx_word' id='word_1_98' title='bbox 1150 1440 1152 1444; x_wconf 70' lang='grc'><strong>“</strong></span> <span class='ocrx_word' id='word_1_99' title='bbox 1167 1426 1384 1506; x_wconf 86' lang='lat' dir='ltr'><strong>anathemasti,</strong></span> <span class='ocrx_word' id='word_1_100' title='bbox 1401 1437 1426 1477; x_wconf 84' lang='lat'><strong>¹⁰</strong></span> 
     </span>
    </p>
   </div>
   <div class='ocr_carea' id='block_1_3' title="bbox 264 1531 1424 2255">
    <p class='ocr_par' dir='ltr' id='par_1_3' title="bbox 264 1531 1424 2255">
     <span class='ocr_line' id='line_1_12' title="bbox 271 1531 1385 1615; baseline 0.001 -19"><span class='ocrx_word' id='word_1_101' title='bbox 271 1531 353 1615; x_wconf 91' lang='lat' dir='ltr'><strong>quod</strong></span> <span class='ocrx_word' id='word_1_102' title='bbox 376 1551 437 1597; x_wconf 89' lang='lat' dir='ltr'><strong>non</strong></span> <span class='ocrx_word' id='word_1_103' title='bbox 460 1532 509 1596; x_wconf 90' lang='lat' dir='ltr'><strong>uis</strong></span> <span class='ocrx_word' id='word_1_104' title='bbox 533 1532 632 1596; x_wconf 88' lang='lat' dir='ltr'><strong>fateri.</strong></span> <span class='ocrx_word' id='word_1_105' title='bbox 654 1531 715 1602; x_wconf 89' lang='lat' dir='ltr'><strong>hoc</strong></span> <span class='ocrx_word' id='word_1_106' title='bbox 738 1532 830 1610; x_wconf 88' lang='lat' dir='ltr'><strong>onim,</strong></span> <span class='ocrx_word' id='word_1_107' title='bbox 850 1532 932 1614; x_wconf 89' lang='lat' dir='ltr'><strong>quod</strong></span> <span class='ocrx_word' id='word_1_108' title='bbox 950 1531 1065 1611; x_wconf 83' lang='lat' dir='ltr'><strong>dixisti,</strong></span> <span class='ocrx_word' id='word_1_109' title='bbox 1085 1532 1158 1614; x_wconf 90' lang='lat' dir='ltr'><strong>quia</strong></span> <span class='ocrx_word' id='word_1_110' title='bbox 1178 1532 1330 1613; x_wconf 77' lang='lat' dir='ltr'><strong>polluitur</strong></span> <span class='ocrx_word' id='word_1_111' title='bbox 1353 1534 1385 1597; x_wconf 92' lang='lat' dir='ltr'><strong>et</strong></span> 
     </span>
     <span class='ocr_line' id='line_1_13' title="bbox 267 1636 1382 1726; baseline 0 -24"><span class='ocrx_word' id='word_1_112' title='bbox 267 1637 340 1720; x_wconf 90' lang='lat' dir='ltr'><strong>quia</strong></span> <span class='ocrx_word' id='word_1_113' title='bbox 361 1638 546 1720; x_wconf 74' lang='lat' dir='ltr'><strong>mundatur,</strong></span> <span class='ocrx_word' id='word_1_114' title='bbox 561 1638 621 1702; x_wconf 92' lang='lat' dir='ltr'><strong>hoc</strong></span> <span class='ocrx_word' id='word_1_115' title='bbox 642 1638 722 1720; x_wconf 91' lang='lat' dir='ltr'><strong>ipso,</strong></span> <span class='ocrx_word' id='word_1_116' title='bbox 746 1637 829 1720; x_wconf 90' lang='lat' dir='ltr'><strong>quod</strong></span> <span class='ocrx_word' id='word_1_117' title='bbox 851 1636 928 1702; x_wconf 90' lang='lat' dir='ltr'><strong>diois</strong></span> <span class='ocrx_word' id='word_1_118' title='bbox 955 1638 1168 1726; x_wconf 72' lang='lat' dir='ltr'><strong>,mundatuu‘</strong></span> <span class='ocrx_word' id='word_1_119' title='bbox 1196 1637 1382 1722; x_wconf 80' lang='lat' dir='ltr'><strong>expressisti,</strong></span> 
     </span>
     <span class='ocr_line' id='line_1_14' title="bbox 267 1742 1384 1827; baseline 0 -19"><span class='ocrx_word' id='word_1_120' title='bbox 267 1744 341 1827; x_wconf 89' lang='lat' dir='ltr'><strong>quia</strong></span> <span class='ocrx_word' id='word_1_121' title='bbox 361 1745 522 1826; x_wconf 88' lang='lat' dir='ltr'><strong>polluitur,</strong></span> <span class='ocrx_word' id='word_1_122' title='bbox 547 1746 579 1808; x_wconf 91' lang='lat' dir='ltr'><strong>ot</strong></span> <span class='ocrx_word' id='word_1_123' title='bbox 600 1763 661 1808; x_wconf 92' lang='lat' dir='ltr'><strong>nou</strong></span> <span class='ocrx_word' id='word_1_124' title='bbox 684 1743 792 1819; x_wconf 89' lang='lat' dir='ltr'><strong>habes,</strong></span> <span class='ocrx_word' id='word_1_125' title='bbox 815 1743 897 1807; x_wconf 91' lang='lat' dir='ltr'><strong>unde</strong></span> <span class='ocrx_word' id='word_1_126' title='bbox 921 1742 1045 1807; x_wconf 80' lang='lat' dir='ltr'><strong>suadas.</strong></span> <span class='ocrx_word' id='word_1_127' title='bbox 1070 1745 1102 1807; x_wconf 85' lang='lat' dir='ltr'><strong>et</strong></span> <span class='ocrx_word' id='word_1_128' title='bbox 1127 1743 1328 1808; x_wconf 85' lang='lat' dir='ltr'><strong>Manichacus</strong></span> <span class='ocrx_word' id='word_1_129' title='bbox 1352 1747 1384 1808; x_wconf 87' lang='lat' dir='ltr'><strong>ct</strong></span> 
     </span>
     <span class='ocr_line' id='line_1_15' title="bbox 266 1848 1381 1933; baseline 0 -20"><span class='ocrx_word' id='word_1_130' title='bbox 266 1851 302 1913; x_wconf 90' lang='lat' dir='ltr'><strong>tu</strong></span> <span class='ocrx_word' id='word_1_131' title='bbox 326 1848 440 1928; x_wconf 87' lang='lat' dir='ltr'><strong>dixisti,</strong></span> <span class='ocrx_word' id='word_1_132' title='bbox 460 1849 533 1932; x_wconf 90' lang='lat' dir='ltr'><strong>quia</strong></span> <span class='ocrx_word' id='word_1_133' title='bbox 549 1849 702 1933; x_wconf 87' lang='lat' dir='ltr'><strong>polluitur</strong></span> <span class='ocrx_word' id='word_1_134' title='bbox 718 1869 789 1932; x_wconf 91' lang='lat' dir='ltr'><strong>pars</strong></span> <span class='ocrx_word' id='word_1_135' title='bbox 808 1848 867 1917; x_wconf 90' lang='lat' dir='ltr'><strong>dei.</strong></span> <span class='ocrx_word' id='word_1_136' title='bbox 891 1848 1055 1912; x_wconf 88' lang='lat' dir='ltr'><strong>anathema</strong></span> <span class='ocrx_word' id='word_1_137' title='bbox 1073 1867 1146 1931; x_wconf 83' lang='lat' dir='ltr'><strong>ergo</strong></span> <span class='ocrx_word' id='word_1_138' title='bbox 1164 1848 1381 1913; x_wconf 87' lang='lat' dir='ltr'><strong>Manichaeum</strong></span> 
     </span>
     <span class='ocr_line' id='line_1_16' title="bbox 266 1954 1424 2038; baseline -0.001 -19"><span class='ocrx_word' id='word_1_139' title='bbox 266 1958 321 2019; x_wconf 89' lang='lat' dir='ltr'><strong>aut</strong></span> <span class='ocrx_word' id='word_1_140' title='bbox 343 1954 586 2038; x_wconf 87' lang='lat' dir='ltr'><strong>anathemandus</strong></span> <span class='ocrx_word' id='word_1_141' title='bbox 610 1973 643 2019; x_wconf 90' lang='lat' dir='ltr'><strong>es</strong></span> <span class='ocrx_word' id='word_1_142' title='bbox 667 1973 738 2019; x_wconf 92' lang='lat' dir='ltr'><strong>cum</strong></span> <span class='ocrx_word' id='word_1_143' title='bbox 761 1954 953 2022; x_wconf 87' lang='lat' dir='ltr'><strong>Manichaeo.</strong></span> <span class='ocrx_word' id='word_1_144' title='bbox 1400 1968 1424 2008; x_wconf 76' lang='lat'><strong>1⁵</strong></span> 
     </span>
     <span class='ocr_line' id='line_1_17' title="bbox 308 2061 1382 2145; baseline 0.001 -21"><span class='ocrx_word' id='word_1_145' title='bbox 308 2061 387 2127; x_wconf 77' lang='lat' dir='ltr'><strong>FEL.</strong></span> <span class='ocrx_word' id='word_1_146' title='bbox 411 2061 504 2125; x_wconf 88' lang='lat' dir='ltr'><strong>dixit:</strong></span> <span class='ocrx_word' id='word_1_147' title='bbox 536 2062 603 2145; x_wconf 76' lang='lat' dir='ltr'><strong>Ego</strong></span> <span class='ocrx_word' id='word_1_148' title='bbox 626 2079 687 2125; x_wconf 89' lang='lat' dir='ltr'><strong>non</strong></span> <span class='ocrx_word' id='word_1_149' title='bbox 711 2080 729 2123; x_wconf 90' lang='lat' dir='ltr'><strong>a</strong></span> <span class='ocrx_word' id='word_1_150' title='bbox 750 2061 932 2126; x_wconf 87' lang='lat' dir='ltr'><strong>Manichaeo</strong></span> <span class='ocrx_word' id='word_1_151' title='bbox 960 2061 1064 2139; x_wconf 91' lang='lat' dir='ltr'><strong>didici,</strong></span> <span class='ocrx_word' id='word_1_152' title='bbox 1092 2061 1166 2144; x_wconf 89' lang='lat' dir='ltr'><strong>quia</strong></span> <span class='ocrx_word' id='word_1_153' title='bbox 1187 2061 1310 2144; x_wconf 90' lang='lat' dir='ltr'><strong>polluta</strong></span> <span class='ocrx_word' id='word_1_154' title='bbox 1332 2064 1382 2125; x_wconf 89' lang='lat' dir='ltr'><strong>est</strong></span> 
     </span>
     <span class='ocr_line' id='line_1_18' title="bbox 264 2165 1378 2255; baseline -0.002 -23"><span class='ocrx_word' id='word_1_155' title='bbox 264 2186 335 2251; x_wconf 85' lang='lat' dir='ltr'><strong>pars</strong></span> <span class='ocrx_word' id='word_1_156' title='bbox 364 2167 423 2245; x_wconf 88' lang='lat' dir='ltr'><strong>dei,</strong></span> <span class='ocrx_word' id='word_1_157' title='bbox 452 2166 507 2232; x_wconf 87' lang='lat' dir='ltr'><strong>sed</strong></span> <span class='ocrx_word' id='word_1_158' title='bbox 534 2185 553 2230; x_wconf 88' lang='lat' dir='ltr'><strong>a</strong></span> <span class='ocrx_word' id='word_1_159' title='bbox 580 2165 703 2232; x_wconf 81' lang='lat' dir='ltr'><strong>Christo</strong></span> <span class='ocrx_word' id='word_1_160' title='bbox 732 2166 836 2244; x_wconf 91' lang='lat' dir='ltr'><strong>didici,</strong></span> <span class='ocrx_word' id='word_1_161' title='bbox 864 2167 1089 2255; x_wconf 89' lang='lat' dir='ltr'><strong>quiapropter</strong></span> <span class='ocrx_word' id='word_1_162' title='bbox 1116 2167 1250 2231; x_wconf 91' lang='lat' dir='ltr'><strong>animam</strong></span> <span class='ocrx_word' id='word_1_163' title='bbox 1281 2167 1378 2245; x_wconf 89' lang='lat' dir='ltr'><strong>uenit,</strong></span> 
     </span>
    </p>
   </div>
   <div class='ocr_carea' id='block_1_4' title="bbox 255 2270 1423 3736">
    <p class='ocr_par' dir='ltr' id='par_1_4' title="bbox 262 2270 633 2356">
     <span class='ocr_line' id='line_1_19' title="bbox 262 2270 633 2356; baseline 0 -20"><span class='ocrx_word' id='word_1_164' title='bbox 262 2291 342 2355; x_wconf 86' lang='lat' dir='ltr'><strong>quae</strong></span> <span class='ocrx_word' id='word_1_165' title='bbox 364 2274 486 2356; x_wconf 89' lang='lat' dir='ltr'><strong>polluta</strong></span> <span class='ocrx_word' id='word_1_166' title='bbox 508 2274 582 2337; x_wconf 87' lang='lat' dir='ltr'><strong>crat.</strong></span> <span class='ocrx_word' id='word_1_167' title='bbox 631 2270 633 2274; x_wconf 77' lang='grc'><strong>’</strong></span> 
     </span>
    </p>

    <p class='ocr_par' dir='ltr' id='par_1_5' title="bbox 304 2377 1378 2462">
     <span class='ocr_line' id='line_1_20' title="bbox 304 2377 1378 2462; baseline 0 -20"><span class='ocrx_word' id='word_1_168' title='bbox 304 2379 389 2445; x_wconf 79' lang='lat' dir='ltr'><strong>Aue.</strong></span> <span class='ocrx_word' id='word_1_169' title='bbox 409 2379 503 2446; x_wconf 88' lang='lat' dir='ltr'><strong>dixit:</strong></span> <span class='ocrx_word' id='word_1_170' title='bbox 521 2379 550 2442; x_wconf 80' lang='grc' dir='ltr'><strong>Α</strong></span> <span class='ocrx_word' id='word_1_171' title='bbox 570 2377 692 2444; x_wconf 80' lang='lat' dir='ltr'><strong>Christo</strong></span> <span class='ocrx_word' id='word_1_172' title='bbox 711 2398 771 2444; x_wconf 91' lang='lat' dir='ltr'><strong>non</strong></span> <span class='ocrx_word' id='word_1_173' title='bbox 790 2378 937 2457; x_wconf 84' lang='lat' dir='ltr'><strong>didicisti,</strong></span> <span class='ocrx_word' id='word_1_174' title='bbox 957 2379 1031 2461; x_wconf 89' lang='lat' dir='ltr'><strong>quia</strong></span> <span class='ocrx_word' id='word_1_175' title='bbox 1048 2379 1152 2446; x_wconf 89' lang='lat' dir='ltr'><strong>anima</strong></span> <span class='ocrx_word' id='word_1_176' title='bbox 1166 2399 1237 2462; x_wconf 88' lang='lat' dir='ltr'><strong>pars</strong></span> <span class='ocrx_word' id='word_1_177' title='bbox 1257 2378 1306 2443; x_wconf 88' lang='lat' dir='ltr'><strong>dei</strong></span> <span class='ocrx_word' id='word_1_178' title='bbox 1321 2380 1378 2442; x_wconf 89' lang='lat' dir='ltr'><strong>est.</strong></span> 
     </span>
    </p>

    <p class='ocr_par' dir='ltr' id='par_1_6' title="bbox 304 2482 1423 2567">
     <span class='ocr_line' id='line_1_21' title="bbox 304 2482 1423 2567; baseline -0.003 -17"><span class='ocrx_word' id='word_1_179' title='bbox 304 2482 383 2550; x_wconf 74' lang='grc'><strong>11111.</strong></span> <span class='ocrx_word' id='word_1_180' title='bbox 407 2483 500 2548; x_wconf 89' lang='lat' dir='ltr'><strong>dixit:</strong></span> <span class='ocrx_word' id='word_1_181' title='bbox 522 2484 551 2549; x_wconf 79' lang='lat' dir='ltr'><strong>A</strong></span> <span class='ocrx_word' id='word_1_182' title='bbox 574 2482 697 2549; x_wconf 80' lang='lat' dir='ltr'><strong>Christo</strong></span> <span class='ocrx_word' id='word_1_183' title='bbox 721 2483 825 2562; x_wconf 92' lang='lat' dir='ltr'><strong>didici,</strong></span> <span class='ocrx_word' id='word_1_184' title='bbox 849 2485 924 2567; x_wconf 91' lang='lat' dir='ltr'><strong>quia</strong></span> <span class='ocrx_word' id='word_1_185' title='bbox 946 2484 1049 2548; x_wconf 90' lang='lat' dir='ltr'><strong>anima</strong></span> <span class='ocrx_word' id='word_1_186' title='bbox 1072 2503 1110 2548; x_wconf 92' lang='lat' dir='ltr'><strong>ex</strong></span> <span class='ocrx_word' id='word_1_187' title='bbox 1130 2484 1187 2550; x_wconf 91' lang='lat' dir='ltr'><strong>deo</strong></span> <span class='ocrx_word' id='word_1_188' title='bbox 1212 2487 1269 2548; x_wconf 87' lang='lat' dir='ltr'><strong>cst.</strong></span> <span class='ocrx_word' id='word_1_189' title='bbox 1397 2496 1423 2536; x_wconf 70' lang='lat'><strong>⁹⁰</strong></span> 
     </span>
    </p>

    <p class='ocr_par' dir='ltr' id='par_1_7' title="bbox 259 2589 1379 2884">
     <span class='ocr_line' id='line_1_22' title="bbox 302 2589 1379 2672; baseline 0.002 -20"><span class='ocrx_word' id='word_1_190' title='bbox 302 2589 388 2657; x_wconf 80' lang='lat' dir='ltr'>AUG.</span> <span class='ocrx_word' id='word_1_191' title='bbox 412 2589 504 2654; x_wconf 91' lang='lat' dir='ltr'><strong>dixit:</strong></span> <span class='ocrx_word' id='word_1_192' title='bbox 536 2591 579 2654; x_wconf 81' lang='grc'><strong>111</strong></span> <span class='ocrx_word' id='word_1_193' title='bbox 600 2609 657 2658; x_wconf 90' lang='lat' dir='ltr'><strong>nos</strong></span> <span class='ocrx_word' id='word_1_194' title='bbox 679 2589 856 2668; x_wconf 89' lang='lat' dir='ltr'><strong>didicimus,</strong></span> <span class='ocrx_word' id='word_1_195' title='bbox 880 2590 955 2672; x_wconf 88' lang='lat' dir='ltr'><strong>quia</strong></span> <span class='ocrx_word' id='word_1_196' title='bbox 976 2591 1080 2654; x_wconf 90' lang='lat' dir='ltr'><strong>anima</strong></span> <span class='ocrx_word' id='word_1_197' title='bbox 1102 2609 1137 2654; x_wconf 90' lang='lat' dir='ltr'><strong>ox</strong></span> <span class='ocrx_word' id='word_1_198' title='bbox 1160 2590 1217 2654; x_wconf 90' lang='lat' dir='ltr'><strong>deo</strong></span> <span class='ocrx_word' id='word_1_199' title='bbox 1240 2593 1299 2668; x_wconf 87' lang='lat' dir='ltr'><strong>ost,</strong></span> <span class='ocrx_word' id='word_1_200' title='bbox 1323 2589 1379 2654; x_wconf 87' lang='lat' dir='ltr'><strong>sed</strong></span> 
     </span>
     <span class='ocr_line' id='line_1_23' title="bbox 261 2695 1377 2778; baseline 0.001 -19"><span class='ocrx_word' id='word_1_201' title='bbox 261 2713 321 2759; x_wconf 90' lang='lat' dir='ltr'><strong>non</strong></span> <span class='ocrx_word' id='word_1_202' title='bbox 357 2697 425 2771; x_wconf 87' lang='lat' dir='ltr'><strong>,ost</strong></span> <span class='ocrx_word' id='word_1_203' title='bbox 454 2715 526 2778; x_wconf 86' lang='lat' dir='ltr'><strong>pars</strong></span> <span class='ocrx_word' id='word_1_204' title='bbox 559 2695 637 2761; x_wconf 80' lang='lat' dir='ltr'><strong>doi.“</strong></span> <span class='ocrx_word' id='word_1_205' title='bbox 674 2696 719 2760; x_wconf 89' lang='lat' dir='ltr'><strong>sic</strong></span> <span class='ocrx_word' id='word_1_206' title='bbox 747 2698 796 2761; x_wconf 88' lang='lat' dir='ltr'><strong>est</strong></span> <span class='ocrx_word' id='word_1_207' title='bbox 822 2695 904 2760; x_wconf 89' lang='lat' dir='ltr'><strong>euim</strong></span> <span class='ocrx_word' id='word_1_208' title='bbox 932 2696 1034 2760; x_wconf 88' lang='lat' dir='ltr'><strong>anima</strong></span> <span class='ocrx_word' id='word_1_209' title='bbox 1061 2715 1096 2761; x_wconf 89' lang='lat' dir='ltr'><strong>ex</strong></span> <span class='ocrx_word' id='word_1_210' title='bbox 1124 2695 1192 2774; x_wconf 91' lang='lat' dir='ltr'><strong>deo,</strong></span> <span class='ocrx_word' id='word_1_211' title='bbox 1220 2695 1377 2778; x_wconf 91' lang='lat' dir='ltr'><strong>quomodo</strong></span> 
     </span>
     <span class='ocr_line' id='line_1_24' title="bbox 259 2799 1225 2884; baseline 0.006 -21"><span class='ocrx_word' id='word_1_212' title='bbox 259 2799 380 2864; x_wconf 86' lang='lat' dir='ltr'><strong>factura</strong></span> <span class='ocrx_word' id='word_1_213' title='bbox 402 2819 437 2864; x_wconf 87' lang='lat' dir='ltr'><strong>ex</strong></span> <span class='ocrx_word' id='word_1_214' title='bbox 460 2799 587 2879; x_wconf 86' lang='lat' dir='ltr'><strong>artifice,</strong></span> <span class='ocrx_word' id='word_1_215' title='bbox 619 2821 680 2866; x_wconf 92' lang='lat' dir='ltr'><strong>non</strong></span> <span class='ocrx_word' id='word_1_216' title='bbox 703 2801 741 2865; x_wconf 87' lang='lat' dir='ltr'><strong>de</strong></span> <span class='ocrx_word' id='word_1_217' title='bbox 763 2801 832 2879; x_wconf 91' lang='lat' dir='ltr'><strong>deo,</strong></span> <span class='ocrx_word' id='word_1_218' title='bbox 856 2802 939 2866; x_wconf 90' lang='lat' dir='ltr'><strong>sicut</strong></span> <span class='ocrx_word' id='word_1_219' title='bbox 960 2801 1044 2866; x_wconf 88' lang='lat' dir='ltr'><strong>filius</strong></span> <span class='ocrx_word' id='word_1_220' title='bbox 1068 2802 1105 2865; x_wconf 92' lang='lat' dir='ltr'><strong>de</strong></span> <span class='ocrx_word' id='word_1_221' title='bbox 1128 2804 1225 2884; x_wconf 87' lang='lat' dir='ltr'><strong>patre.</strong></span> 
     </span>
    </p>

    <p class='ocr_par' dir='ltr' id='par_1_8' title="bbox 260 2905 1420 3310">
     <span class='ocr_line' id='line_1_25' title="bbox 302 2905 1375 2992; baseline 0 -22"><span class='ocrx_word' id='word_1_222' title='bbox 302 2905 381 2971; x_wconf 80' lang='lat' dir='ltr'><strong>uxr.</strong></span> <span class='ocrx_word' id='word_1_223' title='bbox 404 2906 497 2970; x_wconf 91' lang='lat' dir='ltr'><strong>dixit:</strong></span> <span class='ocrx_word' id='word_1_224' title='bbox 530 2907 577 2971; x_wconf 88' lang='lat' dir='ltr'><strong>Do</strong></span> <span class='ocrx_word' id='word_1_225' title='bbox 604 2907 779 2991; x_wconf 87' lang='lat' dir='ltr'><strong>pollutione</strong></span> <span class='ocrx_word' id='word_1_226' title='bbox 807 2907 930 2992; x_wconf 84' lang='lat' dir='ltr'><strong>agimus</strong></span> <span class='ocrx_word' id='word_1_227' title='bbox 955 2956 961 2970; x_wconf 95' lang='lat'><em>.</em></span> <span class='ocrx_word' id='word_1_228' title='bbox 986 2907 1014 2972; x_wconf 85' lang='lat' dir='ltr'><strong>si</strong></span> <span class='ocrx_word' id='word_1_229' title='bbox 1039 2908 1162 2991; x_wconf 89' lang='lat' dir='ltr'><strong>polluta</strong></span> <span class='ocrx_word' id='word_1_230' title='bbox 1189 2910 1238 2972; x_wconf 91' lang='lat' dir='ltr'><strong>est</strong></span> <span class='ocrx_word' id='word_1_231' title='bbox 1264 2907 1375 2984; x_wconf 88' lang='lat' dir='ltr'><strong>anima,</strong></span> 
     </span>
     <span class='ocr_line' id='line_1_26' title="bbox 260 3012 1420 3097; baseline 0.001 -21"><span class='ocrx_word' id='word_1_232' title='bbox 260 3027 339 3094; x_wconf 90' lang='lat' dir='ltr'><strong>quae</strong></span> <span class='ocrx_word' id='word_1_233' title='bbox 367 3029 402 3076; x_wconf 89' lang='lat' dir='ltr'><strong>ox</strong></span> <span class='ocrx_word' id='word_1_234' title='bbox 430 3012 487 3077; x_wconf 91' lang='lat' dir='ltr'><strong>deo</strong></span> <span class='ocrx_word' id='word_1_235' title='bbox 515 3018 573 3090; x_wconf 86' lang='lat' dir='ltr'><strong>est,</strong></span> <span class='ocrx_word' id='word_1_236' title='bbox 602 3015 633 3078; x_wconf 88' lang='lat' dir='ltr'><strong>ot</strong></span> <span class='ocrx_word' id='word_1_237' title='bbox 660 3014 765 3095; x_wconf 89' lang='lat' dir='ltr'><strong>potest</strong></span> <span class='ocrx_word' id='word_1_238' title='bbox 789 3013 915 3097; x_wconf 84' lang='lat' dir='ltr'><strong>purgari</strong></span> <span class='ocrx_word' id='word_1_239' title='bbox 941 3030 959 3075; x_wconf 92' lang='lat' dir='ltr'><strong>a</strong></span> <span class='ocrx_word' id='word_1_240' title='bbox 987 3012 1121 3093; x_wconf 83' lang='lat' dir='ltr'><strong>Christo,</strong></span> <span class='ocrx_word' id='word_1_241' title='bbox 1154 3014 1209 3094; x_wconf 91' lang='lat' dir='ltr'><strong>qui</strong></span> <span class='ocrx_word' id='word_1_242' title='bbox 1239 3033 1295 3096; x_wconf 88' lang='lat' dir='ltr'><strong>pro</strong></span> <span class='ocrx_word' id='word_1_243' title='bbox 1321 3014 1378 3078; x_wconf 91' lang='lat' dir='ltr'><strong>illa</strong></span> <span class='ocrx_word' id='word_1_244' title='bbox 1393 3027 1420 3069; x_wconf 77' lang='lat'><strong>²⁶</strong></span> 
     </span>
     <span class='ocr_line' id='line_1_27' title="bbox 261 3116 1377 3203; baseline 0.001 -21"><span class='ocrx_word' id='word_1_245' title='bbox 261 3116 358 3194; x_wconf 88' lang='lat' dir='ltr'><strong>uenit,</strong></span> <span class='ocrx_word' id='word_1_246' title='bbox 382 3121 414 3184; x_wconf 87' lang='lat' dir='ltr'><strong>ot</strong></span> <span class='ocrx_word' id='word_1_247' title='bbox 434 3119 490 3183; x_wconf 90' lang='lat' dir='ltr'><strong>illa</strong></span> <span class='ocrx_word' id='word_1_248' title='bbox 511 3138 582 3203; x_wconf 89' lang='lat' dir='ltr'><strong>pars</strong></span> <span class='ocrx_word' id='word_1_249' title='bbox 606 3118 665 3197; x_wconf 88' lang='lat' dir='ltr'><strong>dei,</strong></span> <span class='ocrx_word' id='word_1_250' title='bbox 689 3136 783 3201; x_wconf 87' lang='lat' dir='ltr'><strong>quam</strong></span> <span class='ocrx_word' id='word_1_251' title='bbox 804 3118 1008 3184; x_wconf 79' lang='lat' dir='ltr'><strong>Manichacus</strong></span> <span class='ocrx_word' id='word_1_252' title='bbox 1032 3117 1117 3198; x_wconf 89' lang='lat' dir='ltr'><strong>dicit,</strong></span> <span class='ocrx_word' id='word_1_253' title='bbox 1145 3119 1245 3202; x_wconf 93' lang='lat' dir='ltr'><strong>pollui</strong></span> <span class='ocrx_word' id='word_1_254' title='bbox 1270 3122 1377 3203; x_wconf 87' lang='lat' dir='ltr'><strong>potest</strong></span> 
     </span>
     <span class='ocr_line' id='line_1_28' title="bbox 261 3224 938 3310; baseline 0.001 -22"><span class='ocrx_word' id='word_1_255' title='bbox 261 3225 294 3288; x_wconf 87' lang='lat' dir='ltr'><strong>ot</strong></span> <span class='ocrx_word' id='word_1_256' title='bbox 313 3225 457 3290; x_wconf 90' lang='lat' dir='ltr'><strong>mundari</strong></span> <span class='ocrx_word' id='word_1_257' title='bbox 478 3244 533 3310; x_wconf 87' lang='lat' dir='ltr'><strong>por</strong></span> <span class='ocrx_word' id='word_1_258' title='bbox 553 3225 734 3289; x_wconf 88' lang='lat' dir='ltr'><strong>mandatum</strong></span> <span class='ocrx_word' id='word_1_259' title='bbox 755 3224 856 3307; x_wconf 92' lang='lat' dir='ltr'><strong>ipsius</strong></span> <span class='ocrx_word' id='word_1_260' title='bbox 879 3224 938 3289; x_wconf 86' lang='lat' dir='ltr'><strong>dei.</strong></span> 
     </span>
    </p>

    <p class='ocr_par' dir='ltr' id='par_1_9' title="bbox 255 3328 1414 3736">
     <span class='ocr_line' id='line_1_29' title="bbox 299 3328 1397 3415; baseline 0 -21"><span class='ocrx_word' id='word_1_261' title='bbox 299 3329 385 3398; x_wconf 71' lang='lat' dir='ltr'><strong>Aac.</strong></span> <span class='ocrx_word' id='word_1_262' title='bbox 403 3331 499 3395; x_wconf 87' lang='lat' dir='ltr'><strong>dixit:</strong></span> <span class='ocrx_word' id='word_1_263' title='bbox 521 3331 603 3396; x_wconf 83' lang='lat' dir='ltr'><strong>Ilcce</strong></span> <span class='ocrx_word' id='word_1_264' title='bbox 624 3331 739 3394; x_wconf 90' lang='lat' dir='ltr'><strong>iterum</strong></span> <span class='ocrx_word' id='word_1_265' title='bbox 762 3329 839 3394; x_wconf 90' lang='lat' dir='ltr'><strong>dicis</strong></span> <span class='ocrx_word' id='word_1_266' title='bbox 855 3332 979 3412; x_wconf 85' lang='lat' dir='ltr'><strong>partem</strong></span> <span class='ocrx_word' id='word_1_267' title='bbox 1003 3330 1053 3394; x_wconf 89' lang='lat' dir='ltr'><strong>dei</strong></span> <span class='ocrx_word' id='word_1_268' title='bbox 1074 3331 1227 3414; x_wconf 90' lang='lat' dir='ltr'><strong>pollutam</strong></span> <span class='ocrx_word' id='word_1_269' title='bbox 1249 3328 1375 3415; x_wconf 86' lang='lat' dir='ltr'><strong>purgari</strong></span> <span class='ocrx_word' id='word_1_270' title='bbox 1395 3378 1397 3381; x_wconf 85' lang='grc'>-</span> 
     </span>
     <span class='ocr_line' id='line_1_30' title="bbox 257 3435 1374 3520; baseline 0.002 -20"><span class='ocrx_word' id='word_1_271' title='bbox 257 3439 289 3502; x_wconf 92' lang='lat' dir='ltr'><strong>et</strong></span> <span class='ocrx_word' id='word_1_272' title='bbox 317 3438 412 3520; x_wconf 90' lang='lat' dir='ltr'><strong>paulo</strong></span> <span class='ocrx_word' id='word_1_273' title='bbox 444 3439 515 3502; x_wconf 90' lang='lat' dir='ltr'><strong>ante</strong></span> <span class='ocrx_word' id='word_1_274' title='bbox 547 3435 665 3501; x_wconf 86' lang='lat' dir='ltr'><strong>dixeras</strong></span> <span class='ocrx_word' id='word_1_275' title='bbox 697 3435 959 3500; x_wconf 88' lang='lat' dir='ltr'><strong>anathemandum</strong></span> <span class='ocrx_word' id='word_1_276' title='bbox 991 3455 1070 3514; x_wconf 84' lang='lat' dir='ltr'><strong>esse,</strong></span> <span class='ocrx_word' id='word_1_277' title='bbox 1102 3437 1156 3519; x_wconf 90' lang='lat' dir='ltr'><strong>qui</strong></span> <span class='ocrx_word' id='word_1_278' title='bbox 1181 3437 1269 3500; x_wconf 89' lang='lat' dir='ltr'><strong>illam</strong></span> <span class='ocrx_word' id='word_1_279' title='bbox 1297 3436 1374 3502; x_wconf 89' lang='lat' dir='ltr'><strong>dicit</strong></span> 
     </span>
     <span class='ocr_line' id='line_1_31' title="bbox 256 3541 1414 3627; baseline -0.001 -20"><span class='ocrx_word' id='word_1_280' title='bbox 256 3543 508 3626; x_wconf 68' lang='lat' dir='ltr'><strong>corruptibilem</strong></span> <span class='ocrx_word' id='word_1_281' title='bbox 535 3542 629 3608; x_wconf 92' lang='lat' dir='ltr'><strong>modo</strong></span> <span class='ocrx_word' id='word_1_282' title='bbox 652 3542 740 3620; x_wconf 91' lang='lat' dir='ltr'><strong>dicis,</strong></span> <span class='ocrx_word' id='word_1_283' title='bbox 764 3541 838 3624; x_wconf 86' lang='lat' dir='ltr'><strong>quia</strong></span> <span class='ocrx_word' id='word_1_284' title='bbox 859 3541 960 3624; x_wconf 91' lang='lat' dir='ltr'><strong>pollui</strong></span> <span class='ocrx_word' id='word_1_285' title='bbox 980 3543 1094 3626; x_wconf 90' lang='lat' dir='ltr'><strong>potuit,</strong></span> <span class='ocrx_word' id='word_1_286' title='bbox 1123 3544 1156 3606; x_wconf 89' lang='lat' dir='ltr'><strong>ot</strong></span> <span class='ocrx_word' id='word_1_287' title='bbox 1182 3542 1270 3621; x_wconf 88' lang='lat' dir='ltr'><strong>dicis,</strong></span> <span class='ocrx_word' id='word_1_288' title='bbox 1299 3543 1374 3627; x_wconf 89' lang='lat' dir='ltr'><strong>quia</strong></span> <span class='ocrx_word' id='word_1_289' title='bbox 1387 3563 1414 3606; x_wconf 85' lang='lat' dir='ltr'><strong>so</strong></span> 
     </span>
     <span class='ocr_line' id='line_1_32' title="bbox 255 3646 1372 3736; baseline 0 -24"><span class='ocrx_word' id='word_1_290' title='bbox 255 3648 399 3713; x_wconf 81' lang='lat' dir='ltr'><strong>mundari</strong></span> <span class='ocrx_word' id='word_1_291' title='bbox 420 3650 535 3731; x_wconf 87' lang='lat' dir='ltr'><strong>potest,</strong></span> <span class='ocrx_word' id='word_1_292' title='bbox 558 3650 595 3713; x_wconf 89' lang='lat' dir='ltr'><strong>ut</strong></span> <span class='ocrx_word' id='word_1_293' title='bbox 611 3647 789 3725; x_wconf 86' lang='lat' dir='ltr'><strong>confirmes,</strong></span> <span class='ocrx_word' id='word_1_294' title='bbox 813 3647 888 3729; x_wconf 90' lang='lat' dir='ltr'><strong>quia</strong></span> <span class='ocrx_word' id='word_1_295' title='bbox 908 3646 1009 3729; x_wconf 93' lang='lat' dir='ltr'><strong>pollui</strong></span> <span class='ocrx_word' id='word_1_296' title='bbox 1030 3647 1142 3730; x_wconf 88' lang='lat' dir='ltr'><strong>potuit.</strong></span> <span class='ocrx_word' id='word_1_297' title='bbox 1171 3647 1231 3736; x_wconf 89' lang='lat' dir='ltr'><strong>hoc</strong></span> <span class='ocrx_word' id='word_1_298' title='bbox 1253 3667 1310 3712; x_wconf 91' lang='lat' dir='ltr'><strong>uos</strong></span> <span class='ocrx_word' id='word_1_299' title='bbox 1335 3648 1372 3712; x_wconf 91' lang='lat' dir='ltr'><strong>de</strong></span> 
     </span>
    </p>
   </div>
   <div class='ocr_carea' id='block_1_5' title="bbox 252 3800 1373 4237">
    <p class='ocr_par' dir='ltr' id='par_1_10' title="bbox 252 3800 1373 4237">
     <span class='ocr_line' id='line_1_33' title="bbox 291 3800 1371 3869; baseline 0 -13"><span class='ocrx_word' id='word_1_300' title='bbox 291 3802 374 3857; x_wconf 84' lang='lat' dir='ltr'><strong>iiam</strong></span> <span class='ocrx_word' id='word_1_301' title='bbox 388 3807 420 3869; x_wconf 89' lang='lat' dir='ltr'><strong>tu</strong></span> <span class='ocrx_word' id='word_1_302' title='bbox 432 3804 448 3857; x_wconf 84' lang='lat' dir='ltr'><strong><em>b</em></strong></span> <span class='ocrx_word' id='word_1_303' title='bbox 518 3804 638 3857; x_wconf 70' lang='lat' dir='ltr'><strong>tautam</strong></span> <span class='ocrx_word' id='word_1_304' title='bbox 658 3802 749 3855; x_wconf 86' lang='lat' dir='ltr'><strong>essob</strong></span> <span class='ocrx_word' id='word_1_305' title='bbox 811 3803 874 3853; x_wconf 75' lang='lat' dir='ltr'><strong>tas</strong></span> <span class='ocrx_word' id='word_1_306' title='bbox 892 3816 942 3854; x_wconf 86' lang='lat' dir='ltr'><strong>om.</strong></span> <span class='ocrx_word' id='word_1_307' title='bbox 959 3800 987 3856; x_wconf 82' lang='lat' dir='ltr'><em>R</em></span> <span class='ocrx_word' id='word_1_308' title='bbox 1055 3801 1087 3854; x_wconf 89' lang='grc'><strong>10</strong></span> <span class='ocrx_word' id='word_1_309' title='bbox 1106 3801 1337 3856; x_wconf 79' lang='lat' dir='ltr'><strong>anathematizasti</strong></span> <span class='ocrx_word' id='word_1_310' title='bbox 1352 3805 1371 3857; x_wconf 87' lang='lat' dir='ltr'><strong>·b</strong></span> 
     </span>
     <span class='ocr_line' id='line_1_34' title="bbox 256 3887 1373 3962; baseline 0.001 -17"><span class='ocrx_word' id='word_1_311' title='bbox 256 3894 288 3945; x_wconf 72' lang='lat'><strong>1:</strong></span> <span class='ocrx_word' id='word_1_312' title='bbox 305 3892 373 3962; x_wconf 84' lang='lat' dir='ltr'><strong>ipso]</strong></span> <span class='ocrx_word' id='word_1_313' title='bbox 391 3891 478 3961; x_wconf 89' lang='lat' dir='ltr'><strong>ipsum</strong></span> <span class='ocrx_word' id='word_1_314' title='bbox 495 3889 587 3945; x_wconf 77' lang='lat' dir='ltr'><strong><em>PSRb</em></strong></span> <span class='ocrx_word' id='word_1_315' title='bbox 650 3890 682 3944; x_wconf 82' lang='lat'><strong>13</strong></span> <span class='ocrx_word' id='word_1_316' title='bbox 700 3887 815 3943; x_wconf 85' lang='lat' dir='ltr'><strong>habetb</strong></span> <span class='ocrx_word' id='word_1_317' title='bbox 886 3892 914 3942; x_wconf 87' lang='lat' dir='ltr'><strong>ct</strong></span> <span class='ocrx_word' id='word_1_318' title='bbox 930 3889 1085 3943; x_wconf 84' lang='lat' dir='ltr'><strong>manicheus</strong></span> <span class='ocrx_word' id='word_1_319' title='bbox 1104 3894 1131 3943; x_wconf 88' lang='lat' dir='ltr'><strong>et</strong></span> <span class='ocrx_word' id='word_1_320' title='bbox 1148 3894 1186 3946; x_wconf 86' lang='lat' dir='ltr'><strong>tu.</strong></span> <span class='ocrx_word' id='word_1_321' title='bbox 1205 3891 1304 3945; x_wconf 89' lang='lat' dir='ltr'><strong>Dixisti</strong></span> <span class='ocrx_word' id='word_1_322' title='bbox 1325 3892 1373 3947; x_wconf 82' lang='lat' dir='ltr'><strong>TS</strong></span> 
     </span>
     <span class='ocr_line' id='line_1_35' title="bbox 255 3976 1372 4047; baseline 0.002 -14"><span class='ocrx_word' id='word_1_323' title='bbox 255 3980 287 4034; x_wconf 84' lang='lat'><strong>15</strong></span> <span class='ocrx_word' id='word_1_324' title='bbox 309 3978 604 4039; x_wconf 83' lang='lat' dir='ltr'><strong>anathematizandusb</strong></span> <span class='ocrx_word' id='word_1_325' title='bbox 679 3994 737 4031; x_wconf 92' lang='lat' dir='ltr'><strong>cum</strong></span> <span class='ocrx_word' id='word_1_326' title='bbox 756 3993 787 4031; x_wconf 86' lang='lat' dir='ltr'><strong>co</strong></span> <span class='ocrx_word' id='word_1_327' title='bbox 802 3977 835 4030; x_wconf 76' lang='grc' dir='ltr'><strong>ΓΤ</strong></span> <span class='ocrx_word' id='word_1_328' title='bbox 886 3978 918 4030; x_wconf 83' lang='grc'><strong>17</strong></span> <span class='ocrx_word' id='word_1_329' title='bbox 942 3976 978 4046; x_wconf 82' lang='lat' dir='ltr'><strong>di]</strong></span> <span class='ocrx_word' id='word_1_330' title='bbox 997 3978 1042 4047; x_wconf 84' lang='lat' dir='ltr'><strong>xpi</strong></span> <span class='ocrx_word' id='word_1_331' title='bbox 1059 3978 1086 4033; x_wconf 87' lang='lat' dir='ltr'><em>R</em></span> <span class='ocrx_word' id='word_1_332' title='bbox 1139 3981 1171 4033; x_wconf 81' lang='lat'><strong>21</strong></span> <span class='ocrx_word' id='word_1_333' title='bbox 1191 3979 1302 4034; x_wconf 86' lang='lat' dir='ltr'><strong>dicimus</strong></span> <span class='ocrx_word' id='word_1_334' title='bbox 1325 3981 1372 4035; x_wconf 79' lang='lat' dir='ltr'><strong>TS</strong></span> 
     </span>
     <span class='ocr_line' id='line_1_36' title="bbox 252 4064 1367 4137; baseline 0.003 -16"><span class='ocrx_word' id='word_1_335' title='bbox 252 4067 286 4122; x_wconf 72' lang='lat'><strong>28</strong></span> <span class='ocrx_word' id='word_1_336' title='bbox 305 4068 395 4123; x_wconf 86' lang='lat' dir='ltr'><strong>dixisti</strong></span> <span class='ocrx_word' id='word_1_337' title='bbox 411 4068 465 4124; x_wconf 83' lang='lat' dir='ltr'><strong>PR</strong></span> <span class='ocrx_word' id='word_1_338' title='bbox 556 4069 589 4120; x_wconf 77' lang='lat'><strong>29</strong></span> <span class='ocrx_word' id='word_1_339' title='bbox 608 4064 858 4122; x_wconf 79' lang='lat' dir='ltr'><strong>anathematizanda</strong></span> <span class='ocrx_word' id='word_1_340' title='bbox 877 4066 980 4133; x_wconf 82' lang='lat' dir='ltr'><strong>(forma</strong></span> <span class='ocrx_word' id='word_1_341' title='bbox 997 4067 1028 4118; x_wconf 80' lang='lat' dir='ltr'><strong>o&#39;n</strong></span> <span class='ocrx_word' id='word_1_342' title='bbox 1046 4067 1097 4121; x_wconf 74' lang='lat' dir='ltr'><strong>tiso</strong></span> <span class='ocrx_word' id='word_1_343' title='bbox 1116 4068 1205 4121; x_wconf 67' lang='lat' dir='ltr'><strong>auem</strong></span> <span class='ocrx_word' id='word_1_344' title='bbox 1223 4085 1292 4123; x_wconf 77' lang='lat' dir='ltr'><strong>onan.</strong></span> <span class='ocrx_word' id='word_1_345' title='bbox 1306 4069 1367 4137; x_wconf 84' lang='lat' dir='ltr'><strong>fere</strong></span> 
     </span>
     <span class='ocr_line' id='line_1_37' title="bbox 253 4157 979 4237; baseline 0 -27"><span class='ocrx_word' id='word_1_346' title='bbox 253 4157 350 4222; x_wconf 67' lang='lat' dir='ltr'><strong>loclb</strong></span> <span class='ocrx_word' id='word_1_347' title='bbox 404 4157 440 4212; x_wconf 88' lang='lat'><strong>30</strong></span> <span class='ocrx_word' id='word_1_348' title='bbox 456 4157 493 4227; x_wconf 86' lang='lat' dir='ltr'><strong>ct]</strong></span> <span class='ocrx_word' id='word_1_349' title='bbox 511 4157 601 4211; x_wconf 84' lang='lat' dir='ltr'><strong>hocR</strong></span> <span class='ocrx_word' id='word_1_350' title='bbox 677 4232 679 4237; x_wconf 91' lang='lat'>.</span> <span class='ocrx_word' id='word_1_351' title='bbox 976 4159 979 4175; x_wconf 79' lang='lat'>²</span> 
     </span>
    </p>
   </div>
   <div class='ocr_carea' id='block_1_6' title="bbox 0 0 1474 4628">
    <p class='ocr_par' dir='ltr' id='par_1_11' title="bbox 0 0 1474 4628">
     <span class='ocr_line' id='line_1_38' title="bbox 0 0 1474 4628; baseline 0 6"><span class='ocrx_word' id='word_1_352' title='bbox 0 0 1474 4628; x_wconf 95' lang='lat' dir='ltr'><strong> </strong></span> 
     </span>
    </p>
   </div>
  </div>
 </body>
</html>
