2940 4628
207 285 271 348 816
538 281 564 336 S.
592 278 728 334 Aureli
755 277 971 347 Augustini

206 476 338 541 ohaeum
365 476 543 558 apostolum
570 476 644 540 Iesu
672 474 807 549 chtisti:
840 477 871 538 et
902 476 1054 556 quantum
1085 476 1228 556 potuero,
1257 492 1330 537 eum

206 581 310 646 omnia
332 581 500 665 exstiipata
521 581 637 646 fuerint
659 579 811 646 contraria
838 579 876 644 de
904 579 995 644 eorde
1022 581 1078 643 tuo
1105 597 1161 660 per
1186 578 1329 644 ministe-

204 687 286 751 rium
317 705 423 752 meum
454 686 588 752 donante
621 685 757 762 domino,
786 685 890 750 insero
921 684 981 749 tibi
1012 703 1092 767 quae
1124 683 1166 749 sit
1198 685 1328 751 seientia

204 792 358 870 ueritatis,
382 811 460 875 quae
482 791 634 875 perducat
655 791 695 855 ad
718 791 811 855 deum
832 789 959 855 initians
983 808 1002 854 a
1023 790 1094 854 fide.

246 897 327 964 Fun.
350 897 445 963 dixit:
479 893 560 975 Quia
580 897 641 964 hoe
664 897 742 962 diois
764 899 811 976 tu,
833 900 871 961 ut
895 897 998 980 legem
1025 914 1128 961 meam
1154 915 1267 980 negem
1295 899 1327 961 et
1358 915 1372 954 ε

204 1005 334 1070 alteram
356 1003 517 1086 accipiam,
539 1003 701 1069 moliorem
724 1003 893 1082 dumtaxat,
917 1002 1001 1085 quod
1028 1020 1142 1084 quaero
1171 1020 1239 1086 ego,
1263 1021 1325 1067 non

203 1110 264 1176 hoo
293 1109 477 1193 respondeo,
509 1113 546 1174 ut
575 1109 680 1194 legem
710 1127 812 1174 meam
844 1127 966 1192 negem,
995 1110 1163 1192 antequam
1194 1108 1325 1173 alteram

203 1215 365 1300 aeeipiam.

245 1321 331 1390 Alte.
358 1321 452 1387 dixit:
486 1322 548 1388 Sed
578 1323 664 1406 prius
693 1323 731 1387 de
757 1341 834 1388 uase
860 1322 1011 1401 funditur,
1043 1321 1127 1404 qnod
1158 1320 1326 1386 aduersum

201 1426 306 1506 habat,
330 1430 363 1492 ot
384 1427 430 1493 sie
451 1427 598 1511 inpletur,
622 1428 706 1510 quod
726 1428 844 1493 bonum
868 1431 934 1504 est:
958 1437 1014 1491 aut
1032 1426 1060 1493 si
1077 1424 1179 1491 adhue
1197 1425 1324 1491 dubitas
1342 1444 1370 1484 ιο

200 1533 340 1612 fundere,
364 1533 504 1613 deiende,
524 1553 585 1616 quo
602 1535 715 1617 plenus
734 1553 778 1599 es.
801 1534 964 1599 ostendam
983 1533 1065 1599 enim
1083 1532 1153 1612 tibi,
1172 1536 1325 1616 quantum

201 1659 252 1705 me
275 1639 420 1704 dominus
444 1639 583 1720 adiuuat,
602 1644 719 1722 quanta
739 1640 928 1705 inmunditia
950 1644 982 1704 et
1003 1639 1209 1722 blasphemiis
1231 1640 1325 1721 plena

201 1743 245 1810 sit
267 1745 408 1811 doctrina
428 1745 613 1824 Manichaei,
637 1745 666 1810 si
686 1746 862 1830 pernitiae,
889 1750 927 1811 ut
951 1747 1076 1831 legatur
1096 1747 1154 1811 illa
1176 1743 1322 1827 epistula,

201 1851 240 1916 de
263 1851 353 1917 ouius
374 1851 465 1917 initio
487 1852 550 1916 iam
572 1852 777 1918 tractauimns
801 1855 833 1917 et
854 1872 915 1919 non
942 1852 1077 1936 potuisti
1097 1852 1228 1935 probare
1251 1870 1323 1936 apo·

200 1957 318 2022 stolum
333 1956 455 2024 Christi
477 1977 546 2024 essa
568 1958 797 2024 Manichaaum.
822 1958 876 2024 sed
898 1959 968 2024 ideo
991 1978 1094 2024 moras
1116 1958 1261 2038 inneotis,
1284 1979 1323 2024 na
1340 1973 1365 2013 ¹⁶

199 2066 302 2129 eetera
323 2065 478 2149 legantur,
501 2064 557 2129 u'bi
579 2067 683 2148 aparte
706 2069 813 2130 uestra
839 2065 1004 2150 saeiilegia
1029 2064 1319 2148 deprehenduntur:

198 2172 254 2235 aut
277 2171 304 2236 si
325 2170 492 2255 permittis,
515 2171 675 2255 legantur.

241 2277 321 2343 FEL.
345 2276 439 2344 dixit:
469 2277 633 2358 Permitto,
656 2278 730 2361 quia
751 2278 858 2344 dixisti
880 2279 984 2344 omnia
1005 2279 1156 2344 inmunda
1177 2278 1266 2342 fundi
1289 2280 1320 2344 et
1402 2300 1404 2304 ⁴

199 2382 245 2449 sie
266 2383 348 2449 bona
368 2383 505 2460 inmitti:
537 2383 598 2449 hoo
625 2384 707 2449 enim
736 2385 856 2449 dietum
883 2389 933 2451 est
960 2384 1136 2451 sanctitatis
1164 2389 1248 2453 tuae.
1281 2384 1321 2449 ad

195 2488 282 2573 vquod
309 2490 342 2554 ot
368 2507 426 2573 ago
455 2488 543 2558 dieo:
579 2490 686 2555 nuilus
722 2509 834 2572 aquam
870 2491 987 2568 fundit,
1023 2491 1084 2556 nisi
1121 2492 1200 2557 altor
1236 2491 1321 2556 adin·
1339 2501 1365 2542 ’θ

197 2593 343 2678 plauerit.
725 2638 726 2641 κ
1028 2584 1030 2589 ’
1159 2602 1165 2608 ”
1295 2629 1313 2641 2

240 2700 326 2767 Ano.
346 2700 439 2770 dixit:
462 2700 532 2766 Hoo
554 2701 626 2767 uide
650 2721 743 2784 quam
764 2702 991 2768 inconsiderato
1014 2703 1137 2784 dusiis,
1156 2708 1193 2769 ut
1210 2703 1319 2769 mitius

196 2797 307 2889 loquar
328 2809 361 2872 et
381 2825 442 2872 non
462 2806 564 2872 diuam
581 2807 699 2873 insane.
722 2808 832 2892 ntique
850 2809 888 2873 da
906 2827 982 2874 uaso
999 2809 1059 2874 tibi
1077 2809 1316 2875 similitudinem

196 2911 307 2995 posui:
333 2910 366 2975 in
388 2930 445 2976 uas
467 2912 596 2996 plenum
618 2932 709 2979 nemo
732 2915 838 2997 potest
860 2912 979 2996 aliquid
1005 2913 1140 2993 mittere,
1165 2915 1227 2980 nisi
1249 2915 1312 2980 iun·

64 3067 66 3071 ,
197 3015 288 3081 datur
309 3017 400 3096 illud,
424 3037 486 3101 quo
508 3019 636 3102 plenum
661 3024 737 3085 orat.
1338 3028 1365 3068 ²⁵

239 3121 319 3191 FEL.
343 3123 437 3188 dixit:
460 3123 566 3190 Unum
589 3125 695 3191 dixisti
718 3130 750 3192 at
773 3147 830 3212 ego
853 3127 914 3192 dixi
939 3127 1011 3193 duo.

238 3228 324 3299 Ano.
352 3229 446 3297 dixit:
480 3230 514 3297 Si
546 3231 607 3297 duo
639 3252 716 3298 uasa
747 3233 862 3313 dixisti,
890 3235 941 3301 uis
967 3235 1059 3300 illum
1089 3254 1195 3320 parem
1226 3237 1324 3299 tuum

195 3332 356 3399 fundimus
375 3337 407 3399 et
423 3335 581 3419 inplemus
597 3339 700 3419 illum,
718 3343 756 3404 ut
771 3340 874 3423 possis
893 3342 928 3404 tu
946 3340 1085 3420 fundere,
1100 3341 1184 3425 quod
1198 3341 1318 3406 habas?

238 3437 319 3504 FEL.
342 3440 436 3507 dixit:
458 3441 560 3510 Ambo
583 3463 677 3509 unam
700 3464 811 3527 aquam
833 3446 995 3512 habemus.

238 3546 325 3613 Ano.
348 3546 442 3612 dixit:
475 3547 555 3614 Cum
578 3569 653 3635 ergo
675 3552 766 3617 ambo
788 3552 873 3636 pleni
896 3553 966 3618 sitis
989 3571 1070 3637 equa
1094 3558 1211 3632 uestra,
1240 3555 1315 3638 quid
1335 3557 1362 3597 ³⁰

195 3651 393 3733 inplebimus,
421 3656 458 3717 ut
485 3654 652 3722 doceamus
679 3677 747 3737 uos,
780 3659 841 3724 nisi
872 3659 985 3742 aliquis
1014 3662 1157 3726 uestrum
1188 3661 1314 3741 fuderit,

197 3757 280 3838 quod
302 3757 421 3822 habat?
453 3764 508 3824 ant
534 3763 562 3826 si
587 3763 705 3828 bonum
732 3767 781 3830 est
808 3767 840 3830 et
864 3764 936 3830 ideo
959 3766 1054 3831 debet
1075 3767 1182 3846 tenem',
1207 3771 1243 3832 ut
1266 3768 1317 3833 de·

230 3983 364 4038 dixerint
382 3984 469 4041 omnia
487 3987 512 4052 b,
569 3987 656 4042 tacit
676 3987 749 4044 TPS
812 3989 973 4060 daeeipiam
992 3991 1104 4045 alteram
1122 3991 1150 4047 R
1223 3993 1256 4047 10
1274 3996 1316 4047 est

195 4072 280 4126 emt
352 4073 385 4127 12
402 4089 444 4128 me
462 4090 512 4132 om.
530 4075 574 4130 Pb
646 4077 679 4131 14
695 4077 775 4131 inicio
798 4078 824 4132 Τ
892 4080 924 4133 16
943 4080 1037 4134 ceteris
1054 4080 1083 4136 n
1153 4084 1245 4151 aperta
1262 4081 1317 4136 PR

189 4157 229 4208 20
244 4162 275 4212 et
290 4176 341 4214 om.
358 4160 389 4215 1:
475 4163 634 4234 adimplenit
645 4164 673 4220 R
690 4165 842 4236 impleuen't
853 4165 918 4223 Pae
990 4169 1023 4222 22
1042 4167 1114 4238 uide]
1132 4166 1208 4223 uides
1222 4166 1313 4224 aPRt
