2940 4628
477 273 538 329 VII.
566 273 707 330 Contra
733 271 900 329 Felicem
927 273 993 329 lib.
1021 275 1043 328 I.
1253 277 1315 342 815

198 469 316 550 nullam
344 468 404 533 tibi
430 469 497 533 uim
524 469 628 548 iaciat,
656 470 778 534 nullum
805 474 953 535 terrorem
984 468 1127 548 incutiat,
1156 469 1211 534 sed
1236 471 1317 534 trau·

198 574 408 657 quillissimus
445 576 569 655 audiat,
606 577 690 641 sicut
725 576 816 642 docet
851 577 1049 644 christianos.
1087 575 1192 641 dixisti
1224 576 1318 641 etiam

197 680 309 746 timere
341 684 429 762 leges
460 684 687 766 imperatoris.
716 684 776 749 hoc
806 704 862 768 pro
893 693 969 749 uera
998 683 1060 748 fide
1092 702 1152 748 non
1183 683 1318 762 timeret,

109 865 111 870 .
198 808 291 870 quem
320 789 448 872 spiritus
477 793 604 855 sauctus
631 791 780 874 inpleret3
814 809 886 855 uam
913 794 945 855 et
966 790 1078 854 Petrus
1103 790 1263 874 apostolus
1284 790 1317 854 in

171 895 343 978 opossioue
366 896 484 961 domiui
505 896 613 961 timuit
636 899 666 962 et
689 900 737 962 ter
758 897 902 982 negauit:
931 897 986 961 ubi
1009 898 1115 961 autem
1137 915 1209 961 eum
1231 914 1317 979 para-

199 1001 310 1080 eletus,
343 1021 436 1085 quem
467 1002 611 1069 Christus
641 1004 836 1087 promiserat,
864 1003 992 1086 spiritus
1021 1007 1148 1069 sanctus
1174 1003 1317 1087 inpleuit,

196 1126 252 1189 pro
274 1107 336 1173 fide
361 1109 478 1175 domini
501 1110 664 1175 crucifixus
688 1112 752 1186 est:
779 1113 811 1175 et
828 1109 891 1189 ille,
911 1109 964 1192 qui
980 1109 1080 1192 primo
1098 1109 1210 1173 habuit
1226 1119 1317 1195 negd-

90 1297 93 1304 .
197 1213 315 1278 tionem
337 1214 469 1294 timoris,
492 1218 603 1298 postea
623 1215 759 1298 inpleuit
775 1215 1034 1299 gloriosissimam
1051 1214 1228 1298 passionem
1247 1235 1318 1283 con·

197 1319 353 1388 fessionis.
382 1323 417 1386 tu
440 1322 546 1404 itaque
570 1341 605 1386 ex
626 1322 687 1387 hoc
709 1321 788 1404 ipso,
813 1320 895 1403 quod
916 1316 1027 1385 timere
1048 1324 1081 1385 te
1104 1320 1208 1386 dixisti
1230 1322 1317 1406 leges

154 1437 179 1477 1⁰
197 1424 404 1508 imperatoris,
428 1428 572 1510 quamuis
596 1428 688 1493 etde
711 1429 823 1495 ceteris
849 1420 942 1492 rebus
970 1428 1047 1493 satis
1074 1427 1211 1511 adparet,
1234 1428 1318 1511 quod

197 1552 258 1597 uon
286 1533 442 1599 inueneris
470 1535 615 1618 spiritum
641 1536 832 1618 paracletum
862 1535 1016 1613 ueritatis,
1044 1534 1117 1616 quia
1144 1537 1176 1598 et
1202 1533 1230 1599 si
1255 1553 1317 1599 non

196 1637 334 1717 timeres,
359 1639 429 1705 aliis
451 1640 545 1706 rebus
569 1641 805 1706 conuiucereris.

240 1745 318 1811 Fax.
342 1746 436 1810 dixit:
460 1748 501 1812 ut
524 1749 658 1830 apostoli
679 1748 862 1813 timuerunt.

239 1849 324 1917 Aac.
353 1852 447 1917 dixit:
480 1853 673 1932 Timuerunt,
706 1856 743 1917 ut
771 1856 925 1931 cauereut,
953 1872 1013 1917 uon
1040 1854 1077 1917 ut
1100 1853 1195 1917 fidem
1227 1871 1316 1917 suam

154 1975 178 2014 1⁵
197 1957 402 2040 conprehensi
430 1958 551 2025 edicere
581 1959 767 2024 dubitarent.
799 1963 835 2023 tu
859 1962 930 2023 aute
952 1959 1015 2022 iam
1037 1958 1110 2022 hinc
1131 1958 1241 2023 timere
1265 1958 1316 2023 de·

196 2062 305 2142 buisti,
328 2066 366 2128 ut
387 2085 449 2130 non
472 2065 524 2130 hic
545 2068 578 2131 te
600 2066 831 2142 inueniremus;
859 2065 922 2129 iam
948 2065 980 2128 in
1007 2064 1109 2129 medio
1133 2083 1166 2129 es
1190 2113 1198 2128 .
1221 2082 1316 2146 quare

196 2168 300 2247 times,
324 2169 385 2234 uisi
408 2171 482 2252 quia
504 2171 587 2253 quod
610 2171 694 2236 dicas
721 2190 782 2236 nou
809 2172 931 2236 habes?
963 2190 1033 2235 nam
1062 2170 1093 2236 si
1114 2170 1316 2253 imperatores

196 2275 368 2355 timuisses,
386 2281 457 2343 aute
476 2278 640 2343 tacuisses.
660 2297 742 2344 nuuc
759 2298 834 2343 uero
854 2298 925 2343 cum
943 2278 1087 2343 hesterno
1107 2277 1156 2342 die
1173 2277 1316 2343 libellum

197 2381 333 2447 curatori
364 2382 485 2447 dederis
514 2385 546 2447 et
575 2383 701 2466 publice
729 2383 938 2448 clamitrueris
965 2401 1037 2447 cum
1064 2381 1224 2447 codicibus
1250 2381 1315 2446 tuis

151 2505 178 2544 ιο
196 2490 228 2552 te
251 2491 395 2570 paratum
413 2507 483 2553 esse
500 2488 635 2566 incendi,
655 2488 683 2552 si
701 2489 774 2571 quid
792 2489 867 2552 meli
884 2489 916 2552 iu
934 2487 1014 2572 ipsis
1031 2487 1126 2553 fuerit
1140 2488 1314 2568 inuentum,

195 2594 278 2658 unde
301 2594 368 2659 heri
389 2595 476 2679 leges
499 2595 663 2678 flagitabas
687 2595 776 2677 quasi
797 2595 897 2674 fortis,
920 2595 1013 2660 hodie
1040 2595 1205 2660 ueritatem
1230 2593 1314 2679 iugis

196 2703 234 2764 ut
255 2700 410 2765 timidus?

243 2809 291 2870 13.
315 2807 394 2872 FEL.
418 2807 512 2871 dixit:
535 2808 614 2872 Non„
627 2807 791 2872 ueritatem
814 2805 911 2890 fugio.

239 2912 324 2980 AUG.
348 2913 443 2977 dixit:
467 2913 527 2980 Dic
546 2931 630 2997 ergo,
649 2913 677 2978 si
699 2912 788 2978 uides
812 2912 905 2977 deum
927 2911 1006 2976 iacis
1021 2912 1184 2977 adfaciem
1206 2930 1314 2977 secuu-

155 3033 182 3074 π
198 3020 272 3085 dum
294 3020 541 3104 polliciatiouem
563 3023 662 3100 tuam,
690 3021 763 3103 quia
789 3020 894 3085 dixisti
921 3019 1099 3103 apostolum
1120 3017 1255 3081 Paulum
1277 3017 1315 3082 dc

196 3126 287 3192 uobis
316 3126 440 3206 dixisse,
469 3127 542 3209 quia
567 3129 632 3191 tam
658 3127 782 3210 plenum
808 3126 973 3191 ueritatem
1005 3123 1161 3207 accepturi
1192 3122 1314 3202 essetis,

196 3235 233 3296 ut
254 3233 473 3318 intellegamus
496 3234 549 3298 uel
572 3233 733 3299 credamus
753 3234 929 3316 apostolum
947 3232 1094 3297 habuisse
1118 3231 1261 3313 exparte
1283 3232 1316 3294 et

195 3341 227 3402 te
249 3343 362 3409 totum.

239 3445 317 3510 Fur.
353 3446 446 3511 dixit:
478 3447 549 3512 Non
581 3448 746 3512 ueritatem
776 3445 875 3531 fugio,
908 3443 964 3510 sed
994 3442 1159 3507 ueritatem
1190 3459 1313 3523 quaero.

154 3550 280 3633 eoquod
302 3554 338 3615 tu
362 3551 450 3632 dicis,
475 3553 631 3635 quianon
657 3555 762 3631 teueo,
786 3551 934 3634 probetur
959 3547 1038 3613 mihi
1064 3566 1119 3631 per
1145 3546 1314 3629 scripturas

196 3657 321 3723 deificas
347 3711 354 3724 .
377 3660 438 3724 hoc
460 3678 574 3742 quaero
596 3659 668 3723 iam.

238 3764 322 3830 ΑΗΘ.
347 3766 441 3830 dixit:
474 3766 566 3830 Prius
592 3765 736 3848 profitere
763 3767 795 3828 te
818 3782 879 3828 non
900 3761 1042 3845 potuisse
1064 3760 1193 3844 probare
1214 3759 1313 3824 Mani-

231 3991 367 4061 aaudiat]
386 3991 493 4047 adeatb
549 3993 676 4047 dtimere
694 3991 752 4046 ted
819 3990 857 4059 (et
871 3989 914 4057 10)
928 3985 1119 4058 imperatordb
1193 3985 1225 4041 15
1240 3984 1312 4055 ante]

195 4081 285 4134 eutem
307 4079 398 4136 PRSb
470 4081 524 4134 ianr
552 4081 640 4135 orat
730 4080 761 4133 17
791 4083 818 4131 et
844 4077 867 4131 si
888 4075 953 4131 Pso
1042 4074 1076 4130 20
1102 4073 1204 4145 aliquid
1221 4071 1312 4129 PRsc

194 4168 229 4222 25
247 4169 356 4239 paulum
374 4169 524 4239 apostolum
541 4169 594 4225 PR
647 4170 681 4223 26
699 4168 776 4222 nobis
793 4166 821 4221 R

220 4292 285 4332 xxv.
302 4292 353 4339 Aug
375 4295 430 4332 root.
444 4292 457 4331 ⁸
471 4292 532 4344 (pars
545 4292 574 4342 2).
1207 4268 1241 4322 52
