2940 4628
237 257 300 321 818
581 252 609 306 S.
635 251 771 305 Aureli
792 247 1007 320 ‘Augustini

279 449 358 514 rm.
381 448 475 514 dixit:
499 447 547 512 lu
569 445 647 528 mihi
668 446 765 529 proba
786 464 841 528 per
864 445 1007 508 alterum.

281 556 366 621 huo.
390 554 484 622 dixit:
509 550 592 632 Quid
614 551 664 617 uis
687 552 746 617 tibi
767 551 921 635 probem?

280 662 358 726 PEL
382 661 477 728 dixit:
502 657 583 739 Quia
605 645 756 723 mentitur
777 658 990 722 Manichaeus.

280 764 366 834 hoc.
389 765 483 830 dixit:
507 762 588 844 Quia
608 765 645 828 tu
667 783 729 830 non
750 765 841 847 potes
862 763 991 846 probare
1013 782 1123 838 uerum
1143 762 1243 827 dicere
1261 762 1359 826 Mani-

239 874 380 951 chaeum‚
404 873 536 957 oportet,
560 874 597 936 ut
619 890 677 955 ego
694 871 823 955 probem
841 870 1008 935 mentitum
1026 869 1245 934 Manichaeum
1264 873 1358 934 esset>
1387 884 1399 924 o

281 979 360 1047 FEL.
385 979 479 1043 dixit:
512 975 613 1056 Quare
643 996 704 1042 non
735 978 825 1061 potui
855 978 1011 1061 probare?
1043 975 1196 1058 numquid
1221 977 1360 1059 prolatae

240 1088 315 1150 sunt
337 1085 519 1168 scripturae,
543 1103 620 1167 quas
644 1103 702 1168 ego
725 1084 835 1168 petiui,
858 1085 890 1148 et
911 1103 973 1149 non
995 1082 1150 1167 probaui?

281 1189 367 1256 ΑΗΘ.
391 1190 485 1257 dixit:
519 1189 581 1276 Sed
608 1189 778 1272 scripturas
800 1188 977 1254 Manichaei
1002 1189 1094 1272 petis,
1124 1188 1240 1276 quibus
1266 1187 1361 1253 fidem

140 1317 141 1320 ¹
239 1317 301 1362 non
332 1296 502 1374 habemus:
536 1296 659 1362 aliunde
691 1297 796 1380 proba.
830 1316 888 1380 ego
916 1299 1021 1361 autem
1049 1295 1087 1362 de
1113 1297 1183 1379 ipsa
1210 1295 1363 1378 scriptura

239 1403 415 1469 Manichaei
437 1403 497 1468 tibi
517 1403 615 1487 probo
637 1402 804 1468 mentitum
831 1422 900 1469 esse
923 1384 1141 1474 Manichaeum
1165 1405 1197 1467 et
1218 1402 1364 1485 blasphoss
1381 1416 1405 1455 1⁰

240 1529 344 1576 masse
366 1510 595 1576 Manichaeum.

282 1610 361 1686 rm.
386 1617 480 1684 dixit:
503 1616 680 1681 Afferautur
700 1618 782 1682 libri.

282 1722 367 1790 Aue.
392 1723 485 1788 dixit:
517 1724 668 1789 Praesens
698 1728 746 1790 est
768 1725 902 1808 epistula
923 1725 1109 1803 Manichaei,
1137 1743 1229 1806 quam
1258 1717 1362 1790 dicitis

240 1829 459 1896 Fundamenti.
482 1829 607 1895 initium
630 1831 753 1895 nullum
778 1835 827 1896 est
856 1831 887 1894 in
916 1830 1067 1907 aedificio,
1094 1829 1155 1894 nisi
1181 1829 1362 1894 fundamen·

241 1936 309 1999 tum
334 1984 341 1998 .
366 1936 393 2001 si
421 1956 492 2001 eum
521 1936 684 2003 ostendero
711 1937 742 2000 in
769 1936 838 2020 ipso
866 1936 1067 2000 fundamento
1094 1934 1216 1999 ruinam
1238 1935 1361 2014 fecisse,
1380 1949 1404 1989 ¹⁶

242 2043 377 2106 ceteram
401 2042 468 2111 eius
492 2043 757 2109 constructionem
779 2046 816 2106 ut
839 2042 914 2125 quid
937 2041 1139 2124 quaerimus?

288 2148 338 2212 15.
361 2148 441 2242 FEL.
461 2149 555 2219 dixit:
579 2150 650 2215 Hoc
672 2147 751 2215 dicis
768 2149 801 2214 in
818 2149 1106 2233 ipsamostendens
1123 2149 1245 2214 ruinam
1265 2168 1334 2214 esse
1354 2201 1361 2216 .

244 2257 275 2318 et
297 2273 355 2338 ego
378 2255 459 2334 dico,
484 2256 523 2320 da
545 2255 688 2335 arbitros,
713 2257 845 2338 quantos
869 2259 900 2320 et
921 2259 957 2320 tu
980 2255 1087 2335 habos,
1116 2258 1149 2320 et
1174 2254 1233 2319 tibi
1256 2256 1362 2338 probo,

244 2361 317 2442 quia
339 2381 399 2427 non
421 2362 581 2426 mentitur.

285 2465 370 2534 Aoo.
389 2467 483 2532 dixit:
507 2468 600 2534 Absit
622 2487 640 2533 a
661 2469 751 2534 nobis
775 2472 807 2533 ot
829 2489 848 2533 a
869 2488 980 2554 genere
1002 2469 1148 2548 humano,
1172 2470 1209 2533 ut
1230 2471 1363 2550 quantos
1377 2481 1403 2522 ω

241 2572 292 2638 hio
316 2573 417 2653 uideo,
441 2577 544 2638 tantos
567 2574 677 2640 uideas
699 2574 908 2641 Manichaeos.

287 2679 366 2744 FEL.
391 2678 484 2743 dixit:
507 2681 565 2758 Da,
590 2680 662 2757 dixi,
686 2698 806 2762 quaeda
827 2683 859 2745 te
881 2680 991 2763 petiui.

285 2786 371 2850 ΑΗΘ.
395 2785 490 2852 dixit:
515 2782 600 2863 Quos
623 2786 673 2850 uis
697 2804 780 2870 ergo,
804 2787 840 2850 ut
863 2786 933 2850 dem
956 2785 1040 2851 tibia

286 2891 366 2957 Ful.
390 2891 484 2957 dixit:
509 2889 596 2970 Quos
618 2893 654 2956 tu
677 2892 825 2957 uolueris.

287 3000 372 3063 ΑΗΘ.
396 2997 491 3065 dixit:
514 2999 582 3082 Mgo
604 2998 684 3064 istos
707 2999 765 3074 do:
790 2999 820 3064 si·
839 2998 935 3063 habes
958 2998 1114 3077 meliores,
1137 3003 1217 3083 pete.
1248 3013 1250 3016 ·
1379 3009 1403 3050 ¹⁵

288 3104 366 3171 FML.
390 3104 485 3173 dixit:
510 3101 673 3182 Quomodo
695 3104 775 3170 istos
799 3104 878 3171 das?

286 3210 372 3276 AUG.
396 3210 490 3275 dixit:
513 3211 707 3290 PraesenteS‚
732 3209 865 3292 quinos
887 3211 1026 3276 audiunt.

286 3318 365 3382 sm.
389 3317 483 3382 dixit:
507 3316 566 3381 Isti
587 3316 666 3380 mihi
688 3336 750 3381 non
772 3315 889 3381 fauent.

289 3424 373 3491 hoc.
398 3423 492 3488 dixit:
524 3423 606 3507 Ergo
633 3425 670 3486 tu
706 3422 787 3487 tales
815 3423 949 3504 quaeris,
978 3423 1033 3505 qui
1059 3423 1118 3487 tibi
1144 3423 1279 3502 faueant,
1302 3443 1364 3488 non

244 3530 300 3613 qui
322 3529 472 3595 ueritati?
1382 3536 1409 3577 ⁸⁰

280 3689 296 3743 1
319 3686 403 3759 proba
425 3686 505 3741 michi
527 3687 555 3741 R
608 3685 625 3739 2
647 3684 712 3756 quid
739 3686 779 3739 uis
803 3685 854 3740 tibi
880 3687 1012 3757 probem?
1037 3688 1099 3758 qnia
1125 3687 1254 3742 mentitur
1279 3687 1362 3739 mani-

245 3777 325 3844 chaus¹
335 3775 350 3833 ¹?
362 3774 425 3830 felix
439 3774 522 3829 dixit:
538 3775 601 3844 quia
613 3772 742 3828 mentitur
754 3774 906 3830 manicheus
919 3775 947 3830 P
993 3777 1010 3831 h
1025 3792 1081 3830 esse
1094 3776 1262 3830 manicheum
1273 3773 1365 3830 Palae

245 3863 400 3935 6--nunquid
422 3862 519 3919 TSPR
581 3864 666 3933 'lego
685 3862 770 3917 om.b
833 3863 868 3918 10
885 3863 967 3934 probo
986 3881 1036 3920 om.
1054 3864 1082 3919 R
1149 3865 1183 3918 18
1201 3864 1322 3918 austinus
1339 3865 1367 3917 P

246 3953 281 4007 14
296 3954 325 4007 in
344 3948 447 4023 edificio
465 3952 568 4006 nullum
586 3945 627 4006 es‘t
644 3950 735 4007 Pauo
789 3954 822 4006 15
842 3952 911 4022 eum]
932 3954 1002 4007 enim
1013 3952 1058 4008 Ro
1112 3953 1145 4006 16
1164 3955 1193 4007 et
1210 3956 1325 4023 ceteram
1338 3952 1365 4008 R

248 4043 279 4097 17
297 4041 400 4113 ipsaR
471 4040 580 4096 ostende
598 4041 627 4094 in
645 4040 703 4111 ipsa
720 4041 821 4094 ruinam
842 4042 934 4095 esset
1022 4035 1209 4110 18etti11tu
1226 4041 1254 4095 P
1275 4041 1365 4097 om.b

240 4163 335 4236 2032)
360 4174 440 4236 appr
508 4160 555 4210 aut
572 4157 600 4212 R
