2940 4628
565 282 780 338 Praoiatio.
1083 284 1234 349 LXVTIH

107 479 159 542 rs.
186 463 237 554 ro.
261 479 314 542 22.
339 481 391 543 21.
416 480 468 544 24.
489 479 540 544 22.
561 478 613 541 22.
634 479 685 541 22.
706 479 758 541 22.
778 478 830 543 ar.
851 478 903 541 33.
923 480 975 542 ro.
996 479 1048 542 44.
1069 480 1110 543 42
1130 480 1169 542 ar.
1191 515 1236 524 -

104 583 184 650 locis
206 584 239 648 in
257 583 429 669 Augustini
446 583 573 667 scriptis
592 602 671 665 2222
690 585 797 648 contra
814 583 1016 648 Manichaeos
1035 586 1110 649 suut
1129 603 1263 669 occur-p

106 690 248 755 rentibus
280 691 326 754 ita
358 690 515 767 conuenit,
539 691 577 753 ut
608 707 732 753 summo
764 689 831 753 iuro
863 689 1016 772 suspicari
1042 689 1139 753 liceat
1161 670 1253 754 2222Ι

106 796 160 878 qui
182 797 267 861 hunc
289 796 435 861 libellum
458 795 593 860 confecit
616 813 652 859 ex
673 795 845 878 Augustini
869 795 1014 877 operibus
1039 814 1091 861 222
1111 799 1234 861 senten-

104 902 167 967 tias
191 903 385 985 decerpsisse
408 904 502 985 22222
525 921 579 984 pro
604 919 662 966 suo
685 903 780 983 captu
802 902 987 966 immutasse
1005 905 1061 966 aut
1077 902 1235 969 indefessa

105 1007 278 1093 Augustini
302 1009 490 1091 scriptomm
512 1007 828 1072 lectioneimbutum
850 1024 979 1089 prorsus
1002 1007 1041 1069 ab
1060 1026 1096 1072 22
1119 1026 1234 1091 pepen-

106 1115 202 1181 disse.
234 1115 319 1197 quod
350 1117 518 1196 utrumque
549 1115 582 1178 in
614 1134 685 1178 eum
717 1113 810 1191 cadit,
844 1132 936 1194 quern
969 1115 1128 1178 auctorem
1165 1133 1236 1178 esse
1265 1197 1266 1200 Ἴ

106 1221 209 1285 libelli
231 1220 311 1286 milri
332 1221 486 1304 persuasi,
511 1240 582 1286 curn
604 1221 636 1284 in
659 1220 807 1304 grauibus
829 1219 924 1284 rebus
948 1222 981 1282 et
1003 1218 1236 1284 difficilioribus

106 1328 322 1412 Augustinum
345 1346 418 1391 oum
441 1327 639 1391 consuluisse
663 1326 816 1409 epistulae
848 1328 1012 1402 testentur,
1037 1344 1116 1408 2222
1146 1329 1237 1391 tomo-

105 1433 243 1517 XXXIII
267 1434 330 1498 703
358 1452 424 1516 sqq.
458 1432 532 1497 edit.
565 1433 743 1517 Mignianae
776 1433 983 1497 continentur.
1017 1451 1095 1514 quae
1128 1436 1235 1496 autern

105 1537 247 1618 restant
259 1540 305 1602 ita
328 1543 403 1604 sunt
421 1542 608 1622 comparata,
628 1541 665 1604 ut
685 1539 826 1604 locorum
846 1538 1060 1604 communium
1078 1537 1117 1601 ad
1135 1538 1236 1602 Mani-

107 1645 274 1710 chaeorum
305 1645 400 1709 fidem
424 1648 456 1710 22
478 1645 652 1711 doctrinam
682 1645 906 1728 pertinentium
938 1645 1075 1726 speciem
1102 1663 1175 1726 prae
1199 1663 1237 1709 se

106 1749 216 1828 ferant,
240 1751 388 1815 materiae
410 1752 566 1834 publicae,
590 1754 627 1814 ut
647 1752 692 1814 ita
715 1751 827 1829 dicam,
847 1769 939 1833 quam
959 1753 1110 1833 quantum
1129 1750 1238 1833 potuit.
1329 1823 1332 1828 ,

107 1856 341 1923 dominantibus
373 1858 478 1921 uerbis
511 1858 561 1922 sui
592 1857 669 1951 iuris
700 1857 785 1921 fecit.
808 1857 880 1921 inde
902 1856 995 1921 facile
1024 1857 1232 1940 cognoscitur,

107 1963 162 2044 qui
184 1962 249 2042 fiat,
272 1965 309 2026 ut
331 1983 388 2028 nec
410 1982 465 2045 pos
490 1983 546 2028 nec
570 1965 665 2046 caput
687 1963 741 2026 uni
759 1963 908 2027 reddatur
924 1962 1109 2040 formae„ut
1127 1983 1237 2045 quam·

105 2069 156 2133 uis
179 2070 317 2133 multum
338 2070 536 2134 insudaueris
560 2089 621 2135 non
640 2070 827 2150 assequaris,
847 2069 875 2134 si
892 2069 995 2134 libelli
1012 2072 1232 2153 argumentum

91 2175 138 2238 ¹in
161 2175 266 2240 breuis
295 2175 456 2239 summarii
482 2174 613 2240 formam
640 2175 781 2258 redigere
808 2175 901 2253 uelis,
926 2193 997 2239 cum
1019 2175 1234 2258 Augustinum

108 2283 240 2346 maxime
262 2281 479 2364 perspicuitati
500 2281 682 2348 inseruiisse
705 2284 814 2345 notum
838 2282 889 2345 sit.
909 2281 1004 2345 etiam
1027 2281 1235 2347 confidentius

109 2388 300 2470 argumentis
324 2407 340 2452 2
364 2387 430 2452 stili
453 2387 632 2450 discrimine
654 2387 762 2469 petitis
791 2387 829 2451 ab
852 2387 1030 2471 Augustino
1055 2388 1232 2452 abiudicari-

109 2492 184 2556 dum
208 2496 265 2558 est.
289 2494 352 2556 iam
372 2494 399 2557 si
417 2497 593 2574 quaeretur,
614 2494 737 2558 cuinam
756 2494 876 2558 auctori
893 2494 973 2557 liber
991 2494 1029 2558 de
1047 2494 1108 2558 fide
1128 2497 1234 2559 contra

107 2599 307 2664 Manichaeos
330 2599 419 2663 reddi
450 2599 559 2682 possit,
589 2599 712 2663 codices
741 2618 797 2663 suo
825 2600 891 2663 iure
920 2599 958 2663 ad
980 2589 1138 2664 Euodium
1169 2601 1231 2682 epi-

38 2754 40 2758 .
108 2723 239 2788 scopum
271 2706 457 2770 Uzalensem
490 2725 560 2769 eum
592 2705 739 2769 referunt.
764 2724 867 2790 aquo
895 2706 970 2771 licet
1001 2725 1101 2789 pauca
1133 2726 1232 2789 22222

108 2812 273 2875 maximam
297 2814 416 2894 partem
440 2811 610 2894 Augustini
633 2810 783 2876 beneficio
803 2849 845 2858 —-
860 2815 934 2876 2222
957 2813 1040 2876 onim
1062 2812 1233 2896 Augustini

109 2916 253 2999 epistulis
277 2919 394 2981 inserta
416 2955 458 2963 -
482 2917 571 2981 nobis
596 2920 721 2981 seruata
744 2918 816 2996 sint,
839 2919 945 2982 tamen
972 2919 1050 2982 haec
1077 2919 1233 2984 eiusmodi

108 3026 191 3100 sunt,
223 3027 261 3087 ut
292 3023 529 3107 argumentandi
564 3023 726 3100 rationem,
758 3042 838 3105 2222
869 3024 901 3087 in
935 3042 970 3088 eo
1003 3024 1158 3103 consistit,
1196 3028 1233 3088 22

106 3130 305 3193 membratim
337 3133 520 3212 argumenta
549 3130 678 3213 digerat,
716 3130 841 3212 penitus
878 3149 1115 3214 cognoscamus.
1149 3132 1233 3213 qued

90 3255 206 3320 >genus
238 3236 419 3319 disputandi
451 3254 639 3318 quamquam
670 3255 727 3301 nec
750 3235 947 3320 Augustinus
979 3256 1106 3319 prorsus
1130 3256 1231 3321 asper-

106 3345 208 3421 natur,
239 3344 345 3406 tamen
376 3343 453 3406 haec
485 3341 616 3427 debilior
645 3342 724 3406 ratio
756 3342 888 3410 maxime
919 3343 1031 3407 idonea
1061 3346 1119 3421 est,
1153 3362 1231 3424 2222

107 3449 297 3531 discipulum
333 3451 452 3532 arguat.
487 3467 565 3530 quae
598 3448 700 3529 qualis
739 3448 790 3526 sit,
828 3450 988 3531 apparebit
1024 3450 1231 3533 comparando

105 3556 195 3620 uerbi
226 3557 326 3639 gratia
354 3574 419 3638 cap.
445 3557 464 3617 2
487 3556 564 3619 haec
590 3555 747 3618 membra:
774 3553 819 3617 Er
844 3557 948 3636 222222
978 3557 1006 3619 22
1028 3557 1182 3638 tripertitos
1201 3560 1232 3619 22

105 3682 168 3725 222
190 3665 308 3725 creatos
330 3664 381 3734 222,
403 3681 459 3740 per
480 3679 512 3724 se
528 3660 631 3738 ipsam
649 3664 692 3722 222
708 3660 880 3724 inmortalis
889 3681 900 3737 ;
919 3665 947 3724 22
963 3661 1064 3741 siper
1080 3682 1113 3725 se
1129 3663 1231 3742 ipsam

107 3767 278 3831 intrrortalo's
301 3770 352 3840 222,
376 3787 438 3830 coc
461 3770 504 3830 222
526 3766 599 3830 deos
623 3815 630 3829 .
651 3815 657 3828 .
679 3816 686 3830 .
711 3771 738 3830 22
760 3768 818 3829 aar
839 3767 903 3830 o'cm
925 3767 1057 3831 mendac
1078 3769 1243 3849 apostolos

107 3927 114 3940 .
140 3923 148 3939 .
173 3924 180 3937 .
204 3874 257 3936 sed
278 3875 352 3953 poio
374 3873 527 3952 apostolas
548 3874 679 3936 2222222
701 3894 762 3937 222
794 3878 845 3948 222,
870 3875 943 3938 dorca
972 3874 1054 3938 22222
1075 3873 1163 3939 babet
1184 3877 1232 3938 ic-

104 3979 319 4042 rcoriolc'totcnc
342 3982 369 4042 22
391 3978 457 4041 ideo
479 3978 560 4042 22222
583 3998 648 4060 222.
674 3981 706 4043 22
728 3997 794 4062 cap.
816 3982 845 4043 3.
866 3982 895 4044 8.
916 3983 935 4044 9
959 3982 999 4047 21.
1023 4001 1095 4045 cum
1118 3983 1231 4047 Euodii

106 4086 242 4167 epistula
270 4085 347 4150 CLX
375 4086 481 4169 Migne
509 4086 595 4152 Tom.
624 4087 758 4151 XXXIII
787 4089 848 4152 701
879 4109 924 4171 22.
948 4089 1113 4154 uerissime
1134 4089 1232 4173 igitur

104 4192 303 4256 Benedictini
325 4197 514 4256 monuerunt
541 4195 600 4258 hoc
629 4196 815 4277 opusculum
846 4196 883 4259 ab
906 4194 1085 4279 Augustino
1109 4195 1229 4258 abiudi-
