2940 4628
520 314 593 369 VIII.
619 315 669 369 De
695 322 835 370 natura
862 317 953 371 boni
979 318 1043 373 lib.
1265 323 1329 387 879

205 507 340 570 brarum.
374 506 484 573 deinde
517 510 545 573 si
575 513 739 593 propterca
771 511 958 577 damnantur
990 512 1110 577 animae
1142 513 1234 592 lucis,
1262 513 1335 596 quia

207 612 380 677 dilexerunt
401 615 558 694 tenebras,
580 615 697 681 Iniuste
721 616 889 682 damnatur
912 637 989 702 gens
1015 620 1225 697 tenebrarum,
1254 638 1333 702 quae

205 718 309 783 luceru
342 719 458 784 dilexit.
492 723 524 784 et
555 741 632 805 gens
665 722 792 805 quidem
819 725 1017 788 tenebrarum
1044 725 1148 790 lucem
1177 725 1215 789 ab
1242 725 1332 790 initio

186 824 323 903 dilexit,
347 844 441 908 quem
464 827 525 891 etsi
548 828 712 906 uiolenter,
736 831 841 894 tamen
865 829 1025 913 possidere
1052 831 1167 908 uoluit,
1195 850 1256 896 non
1284 850 1332 895 ex·

174 931 366 1015 stinguere,
403 932 485 998 lucis
518 935 624 998 antem
655 937 767 999 natura
798 935 829 999 in
861 935 945 1000 bello
977 937 1121 1001 tenebras
1154 937 1332 1020 extinguere

205 1037 326 1111 uoluit;
350 1057 403 1102 eas
428 1057 500 1122 ergo
523 1039 610 1104 uicta
633 1039 751 1104 dilexit.
776 1041 860 1124 quod
883 1041 983 1106 uultis
1007 1041 1132 1125 eligite:
1155 1043 1331 1106 utrumne·

205 1143 352 1207 cessitate
371 1143 530 1226 conpulsa,
550 1147 587 1208 ut
605 1144 750 1229 diligeret
767 1148 922 1224 tenebras,
942 1165 980 1211 an
999 1147 1163 1211 uoluntate
1182 1147 1330 1212 seducta:

205 1249 233 1313 si
250 1250 449 1326 necessitate,
469 1269 565 1334 quare
584 1250 774 1316 damnatur?
798 1253 826 1317 si
844 1253 1019 1329 uoluntate,
1038 1270 1134 1335 quare
1153 1251 1203 1317 dei
1221 1255 1332 1316 natura

203 1355 235 1418 in
267 1357 354 1419 tante
380 1355 547 1438 iniquitate
574 1357 841 1440 deprehenditur?
874 1359 902 1423 si
929 1359 1115 1424 necessitate
1144 1358 1193 1422 dei
1220 1359 1331 1421 natura

160 1484 186 1523 re
204 1463 313 1525 coacta
345 1464 394 1525 est
426 1461 556 1546 diligere
587 1463 742 1538 tenebras,
774 1463 862 1528 uicta
888 1467 938 1529 est
965 1483 1048 1549 ergo,
1081 1483 1142 1530 non
1173 1463 1270 1539 uicit3
1303 1461 1330 1527 si

203 1567 377 1645 uoluntate,
401 1567 478 1651 quid
499 1568 562 1632 iem
585 1568 693 1633 miseri
716 1568 862 1634 dubitant
883 1569 1035 1653 peccandi
1057 1570 1254 1634 uoluntatem
1276 1567 1329 1632 tri·

201 1672 297 1737 buere
320 1676 458 1748 naturae,
482 1692 577 1755 quam
600 1673 678 1739 deus
702 1693 737 1739 ex
759 1675 857 1740 nihilo
880 1675 965 1753 fecit,
994 1695 1032 1739 ne
1060 1675 1234 1741 retribuant
1261 1692 1329 1738 eam

202 1777 276 1855 luci,
301 1795 395 1859 quam
418 1779 553 1862 genuit?

246 1884 298 1949 43.
332 1881 439 1962 Quid?
472 1885 499 1950 si
527 1885 621 1949 etiarn
650 1885 846 1951 ostendimus
874 1890 945 1951 ante
969 1886 1219 1967 commixtionem
1242 1886 1327 1964 mali,

158 2008 297 2072 requam
328 1990 470 2056 fabulose
503 1991 668 2057 confictam
701 1991 935 2057 dementissime
966 1992 1173 2070 erediderunt,
1200 1992 1232 2056 in
1259 1991 1328 2074 ipsa

200 2095 282 2161 lucis
305 2090 425 2175 natu'ra,
450 2115 544 2179 quarn
568 2097 687 2174 dicunt,
706 2115 820 2181 magna
842 2097 925 2171 mala
946 2097 1056 2176 fuisse,
1089 2096 1167 2179 quid
1188 2096 1228 2162 ed
1248 2097 1327 2163 istas
1424 2125 1426 2130 ·

200 2201 411 2285 blasphemias
435 2201 507 2266 addi
529 2221 623 2285 posse
646 2201 830 2267 uidebitur?
851 2202 919 2266 illic
949 2201 1030 2266 enim
1057 2202 1127 2279 fuit,
1156 2204 1322 2283 antequam

199 2311 401 2393 pugnaretur,
425 2308 502 2373 dura
525 2311 557 2372 et
577 2308 770 2373 ineuitabilis
788 2307 949 2392 pugnandi
967 2307 1149 2373 necessitas.
1174 2325 1246 2373 ecce
1263 2309 1326 2372 iam

199 2431 349 2498 magnum
375 2414 505 2490 malum,
534 2417 703 2496 antequam
729 2414 811 2478 bono
839 2413 1024 2478 misceretur
1050 2413 1177 2477 malum.
1211 2411 1324 2491 dicant,

156 2542 185 2582 ar
199 2519 259 2584 boc
281 2519 374 2598 uude,
399 2539 471 2584 cum
493 2519 595 2584 adbuc
617 2519 705 2584 nulla
728 2521 813 2584 esset
834 2518 918 2583 facte
941 2517 1132 2584 commixtio.
1166 2519 1193 2583 si
1221 2522 1326 2583 antem

199 2626 371 2691 necessitas
402 2645 463 2691 non
496 2628 570 2703 erat,
602 2625 749 2689 uoluntas
782 2643 856 2708 ergo
884 2625 959 2688 erat.
1000 2623 1083 2688 unde
1111 2626 1143 2688 et
1168 2623 1229 2690 hoc
1259 2627 1325 2689 tam

198 2751 349 2816 magnum
379 2733 508 2809 malum,
541 2735 578 2796 ut
610 2730 687 2795 deus
718 2731 787 2813 ipse
819 2733 947 2794 naturae
975 2747 1050 2794 suae
1077 2747 1188 2795 nocere
1215 2728 1323 2807 uellet,

132 2829 134 2832 ’
199 2838 251 2903 cui
281 2839 386 2902 noceri
418 2838 457 2902 ab
488 2837 579 2902 hoste
612 2856 673 2902 non
704 2839 837 2919 poterat,
870 2835 1024 2899 mittendo
1056 2853 1124 2898 eam
1157 2834 1325 2900 crudeliter

197 2943 407 3022 miscendam,
440 2943 574 3026 turpiter
603 2942 815 3026 purgandam,
847 2941 954 3023 inique
985 2940 1214 3005 damnandam?
1251 2958 1323 3006 ecee

149 3051 352 3131 acquantum
373 3050 492 3114 malum
514 3048 707 3133 pemicicsae
732 3050 763 3111 et
785 3046 893 3112 noxiae
912 3048 944 3110 et
961 3045 1194 3110 inmanissimae
1212 3045 1323 3110 uolun-

196 3154 282 3232 tatis,
307 3158 472 3237 antequam
496 3156 597 3218 ullum
620 3155 739 3218 malum
763 3153 801 3218 dc
828 3155 921 3237 gente
949 3152 1101 3217 contraria
1128 3151 1321 3216 misceretur.

196 3279 234 3324 au
257 3260 336 3325 forte
359 3261 520 3326 nesciebat
542 3261 602 3326 hcc
625 3262 812 3324 euenturum
835 3258 984 3323 membris
1008 3257 1084 3335 suis,
1103 3259 1140 3320 ut
1157 3256 1323 3341 diligerent

196 3367 340 3432 tenebras
365 3369 396 3432 et
417 3367 561 3431 inimicae
586 3367 753 3430 existerent
776 3368 903 3430 sanctae
938 3364 1013 3442 luci,
1038 3363 1210 3444 sicutipse
1233 3350 1320 3441 dicit,

194 3473 255 3538 hcc
278 3477 409 3538 estnon
432 3476 556 3537 tautum
579 3472 636 3536 dec
660 3490 729 3548 suc,
754 3470 810 3535 sed
833 3470 927 3534 etiam
949 3469 1039 3553 patri,
1064 3468 1101 3533 de
1125 3487 1186 3550 quc
1209 3470 1320 3532 erant?

231 3663 414 3733 lprcptereu]
431 3664 560 3734 posteat
628 3662 700 3716 deis
719 3677 782 3714 uero
801 3659 828 3712 A
925 3656 1028 3728 dilexit]
1047 3656 1114 3712 dixit
1130 3657 1165 3711 A,
1222 3657 1319 3711 Icon-

192 3751 272 3823 pulsa
283 3751 322 3805 P¹
370 3750 444 3805 edei
457 3754 554 3805 natura
568 3767 619 3806 om.
634 3749 661 3802 A
710 3745 966 3816 rometa1uiteP¹
1012 3746 1045 3798 12
1059 3743 1180 3799 tribuant
1191 3743 1320 3799 PAVGb

193 3839 229 3893 14
246 3837 321 3909 qnid]
339 3838 410 3909 qnod
428 3839 529 3894 S2AG²
599 3836 769 3903 ostendemus
786 3835 825 3889 Ρ1
892 3834 934 3889 25
953 3834 1075 3888 condicta
1093 3834 1121 3888 A
1196 3832 1230 3887 16
1248 3832 1320 3886 male

190 3927 237 3998 (ea
252 3926 323 3982 male
341 3943 408 3982 corr.
426 3945 460 3982 m.
480 3930 504 3996 1)
523 3928 551 3982 Ρ
603 3926 636 3982 18
654 3925 846 3996 purgareturb
900 3924 933 3977 21
954 3924 982 3977 et
998 3938 1050 3977 cm.
1068 3922 1095 3976 A
1148 3921 1182 3976 24
1200 3920 1318 3991 turpitu-

192 4015 257 4070 diue
285 4015 323 4071 (1¹¹
432 4012 716 4086 asperationem
834 4011 989 4081 lnauiasImp
1016 4012 1044 4064 A
1158 4008 1193 4063 26
1221 4023 1318 4078 genere

189 4103 357 4158 contrariob
419 4103 453 4157 28
470 4103 579 4158 inimica
598 4101 625 4157 θ
694 4101 761 4155 lucis
780 4099 828 4155 SP
895 4098 962 4153 dixit
979 4097 1006 4150 A
1077 4097 1111 4150 29
1131 4112 1184 4150 non
1202 4096 1318 4164 tantum]

189 4191 311 4248 notandu
328 4193 393 4247 AP¹

215 4315 282 4356 XXV.
295 4316 354 4366 Aug.
369 4319 425 4359 sect.
437 4319 451 4360 d
464 4316 527 4369 (pers
541 4317 571 4371 2).
1236 4279 1282 4328 ᾖ
