2940 4628
510 256 584 312 VIII.
603 258 653 312 Dc
679 261 820 312 natura
845 257 935 313 boni
957 258 1025 341 rib.
1258 262 1322 328 889

200 450 395 532 phemiarum
428 469 563 528 suarum,
597 452 709 532 quibus
740 471 796 534 per
825 451 1032 537 ignorantiam
1058 456 1090 518 te
1117 453 1321 531 offenderunt,

201 557 339 640 accipere
371 560 556 633 mereantur.
590 559 714 622 tautum
746 559 828 622 enim
859 559 947 622 umet
976 559 1171 642 praepollens
1203 559 1322 624 miseri—

201 664 304 729 cordia
327 666 359 728 et
380 666 520 747 potestas
542 666 599 728 tua
621 666 653 728 et
674 664 790 729 ueritas
812 664 962 746 baptismi
983 664 1031 729 tui
1049 663 1216 747 clauesque
1233 666 1321 749 regni

201 771 358 835 caelorum
379 770 411 834 in
435 773 541 836 sancta
565 771 697 835 ecclesia
719 773 784 848 tua,
807 772 845 834 ut
867 789 923 836 nec
946 770 984 835 de
1005 767 1070 835 illis
1094 770 1320 855 desperandum

126 947 127 950 Ἴ
168 875 252 954 rsit,
285 877 433 958 quamdiu
465 877 496 940 in
527 877 586 942 hac
612 878 693 941 terra
720 896 775 960 per
801 879 889 940 tuam
914 876 1097 960 patientiam
1120 876 1243 955 uiuunt,
1267 877 1320 960 qui

199 983 294 1047 etiam
327 983 471 1060 scientes,
505 986 656 1064 quantum
686 983 806 1047 malum
834 982 877 1047 sit
902 983 978 1047 talia
1005 982 1043 1047 de
1069 985 1102 1046 te
1130 983 1244 1048 sentire
1267 984 1321 1049 uel

199 1088 309 1167 dicere,
341 1093 467 1174 propter
498 1089 633 1172 aliquam
660 1089 841 1173 temporalis
869 1091 901 1153 et
926 1092 1065 1154 terrenae
1088 1089 1319 1155 commoditatis

199 1195 456 1260 consuetudinem
479 1197 532 1259 uel
554 1195 750 1277 adeptionem
772 1195 804 1258 in
826 1195 882 1259 illa
902 1195 1040 1279 maligna
1056 1194 1248 1278 professione
1267 1196 1317 1261 de·

196 1301 344 1380 tinemut,
360 1302 387 1366 si
402 1301 440 1365 ad
453 1304 540 1365 tuam
562 1301 749 1367 ineffabilem
767 1301 939 1366 bonitatem
957 1300 1070 1366 saltem
1086 1301 1237 1383 increpati
1253 1301 1318 1366 tuis

153 1421 178 1460 ¹0
197 1408 444 1490 correptionibus
479 1407 603 1490 fugiant
635 1410 666 1471 ct
697 1407 840 1471 omnibus
876 1407 1007 1471 carnalis
1038 1406 1122 1470 uitae
1153 1406 1317 1471 inlecebris

197 1512 365 1578 caelestem
387 1513 487 1577 uitam
511 1515 728 1595 aeternamque
751 1516 948 1597 praeponant.

233 1701 245 1754 l
270 1701 424 1772 ignorantia
445 1710 493 1756 sua
516 1702 531 1755 b
620 1703 636 1755 2
658 1701 837 1772 praepollens]
858 1700 997 1770 impellens
1017 1701 1032 1754 t
1120 1701 1208 1785 diua
1230 1702 1315 1756 om.b

97 1846 99 1848 ,
195 1789 348 1845 5uiuntP¹
401 1792 458 1846 6to
472 1793 507 1858 (e.
522 1791 538 1846 I.
554 1808 571 1844 a
585 1807 618 1844 m.
634 1789 702 1856 2)P
753 1789 913 1859 dincrepati
924 1789 990 1859 tuis]
1003 1788 1175 1859 increpatiuis
1186 1788 1315 1844 SPLAG

196 1877 230 1932 10
247 1877 509 1949 fugiant-omnibus
523 1877 611 1934 omo
661 1879 689 1931 in
707 1876 829 1932 omnibus
843 1876 992 1931 carnalibus
1006 1877 1022 1931 b
1077 1877 1108 1930 11
1128 1879 1316 1948 aeternamque

194 1985 279 2039 uItam
305 1986 368 2063 Vri·
426 2002 503 2040 amen
524 1985 552 2039 P
576 1983 742 2039 EXPLICIT
764 1984 870 2048 LIBER
892 1987 952 2048 (om.
976 1984 1013 2050 A)
1040 1970 1096 2038 S'GI
1121 1981 1316 2038 uvcvsnuu

193 2074 242 2128 DII
264 2072 408 2129 NA'IVRA
430 2073 520 2129 BONI
542 2073 591 2141 fol.
614 2072 648 2126 89
670 2073 699 2127 P
705 2089 735 2142 p.
751 2075 807 2128 128
824 2071 847 2127 S
864 2072 914 2139 sol.
937 2070 955 2125 8
976 2069 1073 2138 Lfol.
1098 2070 1132 2125 53
1154 2070 1214 2126 AV
1235 2071 1316 2126 Liber

194 2162 332 2233 angustini
350 2163 382 2218 do
400 2166 495 2218 natura
512 2162 576 2216 boni
594 2161 733 2232 explicItus
752 2161 811 2215 finit
824 2178 854 2230 p.
873 2161 925 2216 309
946 2159 972 2214 G
