<?xml version="1.0" encoding="UTF-8"?>
<!DOCTYPE html PUBLIC "-//W3C//DTD XHTML 1.0 Transitional//EN"
    "http://www.w3.org/TR/xhtml1/DTD/xhtml1-transitional.dtd">
<html xmlns="http://www.w3.org/1999/xhtml" xml:lang="en" lang="en">
 <head>
  <title>
</title>
<meta http-equiv="Content-Type" content="text/html;charset=utf-8" />
  <meta name='ocr-system' content='tesseract 3.04.00' />
  <meta name='ocr-capabilities' content='ocr_page ocr_carea ocr_par ocr_line ocrx_word'/>
</head>
<body>
  <div class='ocr_page' id='page_1' title='image "./sanctiavreliavg00zychgoog_0044.png"; bbox 0 0 2940 4628; ppageno 0'>
   <div class='ocr_carea' id='block_1_1' title="bbox 619 265 1285 334">
    <p class='ocr_par' dir='ltr' id='par_1_1' title="bbox 619 265 1285 334">
     <span class='ocr_line' id='line_1_1' title="bbox 619 265 1285 334; baseline 0 -14"><span class='ocrx_word' id='word_1_1' title='bbox 619 265 832 320; x_wconf 84' lang='lat' dir='ltr'>Praefatio.</span> <span class='ocrx_word' id='word_1_2' title='bbox 1182 271 1285 334; x_wconf 80' lang='lat' dir='ltr'>XXXI</span> 
     </span>
    </p>
   </div>
   <div class='ocr_carea' id='block_1_2' title="bbox 157 455 1387 4248">
    <p class='ocr_par' dir='ltr' id='par_1_2' title="bbox 157 455 1387 4248">
     <span class='ocr_line' id='line_1_2' title="bbox 209 455 1286 542; baseline 0.004 -22"><span class='ocrx_word' id='word_1_3' title='bbox 209 455 315 521; x_wconf 82' lang='lat' dir='ltr'>Codici</span> <span class='ocrx_word' id='word_1_4' title='bbox 343 456 577 540; x_wconf 90' lang='lat' dir='ltr'>Petropolitano</span> <span class='ocrx_word' id='word_1_5' title='bbox 606 460 638 521; x_wconf 95' lang='lat' dir='ltr'>et</span> <span class='ocrx_word' id='word_1_6' title='bbox 660 460 761 521; x_wconf 89' lang='lat' dir='ltr'>aetate</span> <span class='ocrx_word' id='word_1_7' title='bbox 790 461 822 522; x_wconf 92' lang='lat' dir='ltr'>et</span> <span class='ocrx_word' id='word_1_8' title='bbox 843 458 983 527; x_wconf 87' lang='lat' dir='ltr'>bonitate</span> <span class='ocrx_word' id='word_1_9' title='bbox 1005 461 1141 542; x_wconf 84' lang='lat' dir='ltr'><strong>proxime</strong></span> <span class='ocrx_word' id='word_1_10' title='bbox 1166 462 1286 526; x_wconf 87' lang='lat' dir='ltr'>accedit</span> 
     </span>
     <span class='ocr_line' id='line_1_3' title="bbox 164 563 1337 648; baseline 0.002 -18"><span class='ocrx_word' id='word_1_11' title='bbox 164 566 259 630; x_wconf 80' lang='lat' dir='ltr'>codex</span> <span class='ocrx_word' id='word_1_12' title='bbox 294 563 517 628; x_wconf 88' lang='lat' dir='ltr'>Harleianus</span> <span class='ocrx_word' id='word_1_13' title='bbox 553 583 681 630; x_wconf 91' lang='lat' dir='ltr'>numero</span> <span class='ocrx_word' id='word_1_14' title='bbox 719 565 804 628; x_wconf 84' lang='lat'>3039</span> <span class='ocrx_word' id='word_1_15' title='bbox 846 565 988 648; x_wconf 89' lang='lat' dir='ltr'>signatus</span> <span class='ocrx_word' id='word_1_16' title='bbox 1028 567 1337 642; x_wconf 82' lang='lat' dir='ltr'>membranaceusH</span> 
     </span>
     <span class='ocr_line' id='line_1_4' title="bbox 162 668 1302 755; baseline 0.003 -18"><span class='ocrx_word' id='word_1_17' title='bbox 162 671 384 737; x_wconf 89' lang='lat' dir='ltr'>miscellaneus</span> <span class='ocrx_word' id='word_1_18' title='bbox 406 668 524 735; x_wconf 87' lang='lat' dir='ltr'>formae</span> <span class='ocrx_word' id='word_1_19' title='bbox 548 670 715 752; x_wconf 75' lang='lat' dir='ltr'>quadratae</span> <span class='ocrx_word' id='word_1_20' title='bbox 737 670 863 734; x_wconf 89' lang='lat' dir='ltr'>maioris</span> <span class='ocrx_word' id='word_1_21' title='bbox 887 671 962 735; x_wconf 87' lang='lat' dir='ltr'>folia</span> <span class='ocrx_word' id='word_1_22' title='bbox 982 674 1044 737; x_wconf 88' lang='grc'>110</span> <span class='ocrx_word' id='word_1_23' title='bbox 1063 673 1302 755; x_wconf 75' lang='lat' dir='ltr'>complectens.</span> 
     </span>
     <span class='ocr_line' id='line_1_5' title="bbox 163 775 1285 859; baseline 0.002 -19"><span class='ocrx_word' id='word_1_24' title='bbox 163 795 253 859; x_wconf 87' lang='lat' dir='ltr'>quem</span> <span class='ocrx_word' id='word_1_25' title='bbox 280 776 512 859; x_wconf 86' lang='lat' dir='ltr'>Zangemeister</span> <span class='ocrx_word' id='word_1_26' title='bbox 534 775 566 838; x_wconf 93' lang='lat' dir='ltr'>in</span> <span class='ocrx_word' id='word_1_27' title='bbox 590 795 625 840; x_wconf 91' lang='lat' dir='ltr'>eo</span> <span class='ocrx_word' id='word_1_28' title='bbox 649 775 739 852; x_wconf 84' lang='lat' dir='ltr'>libro,</span> <span class='ocrx_word' id='word_1_29' title='bbox 759 776 813 856; x_wconf 92' lang='lat' dir='ltr'>qui</span> <span class='ocrx_word' id='word_1_30' title='bbox 835 776 1034 842; x_wconf 82' lang='lat' dir='ltr'>inscribitur:</span> <span class='ocrx_word' id='word_1_31' title='bbox 1058 778 1124 842; x_wconf 92' lang='lat' dir='ltr'>Die</span> <span class='ocrx_word' id='word_1_32' title='bbox 1147 779 1285 843; x_wconf 91' lang='lat' dir='ltr'>Biblio-</span> 
     </span>
     <span class='ocr_line' id='line_1_6' title="bbox 162 881 1284 966; baseline 0.001 -19"><span class='ocrx_word' id='word_1_33' title='bbox 162 883 297 947; x_wconf 90' lang='lat' dir='ltr'>theken</span> <span class='ocrx_word' id='word_1_34' title='bbox 316 881 505 966; x_wconf 83' lang='lat' dir='ltr'>ldnglands</span> <span class='ocrx_word' id='word_1_35' title='bbox 524 901 603 966; x_wconf 84' lang='lat' dir='ltr'>pag.</span> <span class='ocrx_word' id='word_1_36' title='bbox 621 884 660 946; x_wconf 90' lang='lat'>15</span> <span class='ocrx_word' id='word_1_37' title='bbox 676 882 714 945; x_wconf 90' lang='lat' dir='ltr'>ad</span> <span class='ocrx_word' id='word_1_38' title='bbox 728 884 891 947; x_wconf 88' lang='lat' dir='ltr'>saeculum</span> <span class='ocrx_word' id='word_1_39' title='bbox 904 884 933 946; x_wconf 90' lang='lat' dir='ltr'>X</span> <span class='ocrx_word' id='word_1_40' title='bbox 947 884 1051 961; x_wconf 82' lang='lat' dir='ltr'>refert,</span> <span class='ocrx_word' id='word_1_41' title='bbox 1065 885 1102 948; x_wconf 84' lang='lat' dir='ltr'>A.</span> <span class='ocrx_word' id='word_1_42' title='bbox 1123 883 1284 963; x_wconf 85' lang='lat' dir='ltr'>Suoboda,</span> 
     </span>
     <span class='ocr_line' id='line_1_7' title="bbox 162 988 1387 1071; baseline 0.001 -18"><span class='ocrx_word' id='word_1_43' title='bbox 162 989 215 1071; x_wconf 85' lang='lat' dir='ltr'>qui</span> <span class='ocrx_word' id='word_1_44' title='bbox 246 989 458 1053; x_wconf 76' lang='lat' dir='ltr'>intercedente</span> <span class='ocrx_word' id='word_1_45' title='bbox 490 988 630 1052; x_wconf 90' lang='lat' dir='ltr'>Hartelio</span> <span class='ocrx_word' id='word_1_46' title='bbox 662 988 777 1052; x_wconf 92' lang='lat' dir='ltr'>librum</span> <span class='ocrx_word' id='word_1_47' title='bbox 808 989 840 1052; x_wconf 91' lang='lat' dir='ltr'>in</span> <span class='ocrx_word' id='word_1_48' title='bbox 871 1009 977 1056; x_wconf 92' lang='lat' dir='ltr'>meum</span> <span class='ocrx_word' id='word_1_49' title='bbox 1008 1009 1103 1054; x_wconf 90' lang='lat' dir='ltr'>usum</span> <span class='ocrx_word' id='word_1_50' title='bbox 1139 991 1283 1067; x_wconf 84' lang='lat' dir='ltr'>contulit,</span> <span class='ocrx_word' id='word_1_51' title='bbox 1385 1025 1387 1030; x_wconf 95' lang='lat'><em>·</em></span> 
     </span>
     <span class='ocr_line' id='line_1_8' title="bbox 162 1094 1286 1179; baseline -0.001 -20"><span class='ocrx_word' id='word_1_52' title='bbox 162 1095 281 1160; x_wconf 88' lang='lat' dir='ltr'>saeculi</span> <span class='ocrx_word' id='word_1_53' title='bbox 313 1094 404 1157; x_wconf 89' lang='lat' dir='ltr'>VIIII</span> <span class='ocrx_word' id='word_1_54' title='bbox 434 1094 485 1157; x_wconf 91' lang='lat' dir='ltr'>uel</span> <span class='ocrx_word' id='word_1_55' title='bbox 517 1094 704 1158; x_wconf 86' lang='lat' dir='ltr'>Xineuntis</span> <span class='ocrx_word' id='word_1_56' title='bbox 736 1113 805 1158; x_wconf 86' lang='lat' dir='ltr'>osse</span> <span class='ocrx_word' id='word_1_57' title='bbox 838 1095 923 1160; x_wconf 90' lang='lat' dir='ltr'>dicit.</span> <span class='ocrx_word' id='word_1_58' title='bbox 957 1096 1144 1179; x_wconf 90' lang='lat' dir='ltr'>opusculum</span> <span class='ocrx_word' id='word_1_59' title='bbox 1175 1095 1286 1178; x_wconf 83' lang='lat' dir='ltr'>incipit</span> 
     </span>
     <span class='ocr_line' id='line_1_9' title="bbox 161 1197 1284 1282; baseline 0 -18"><span class='ocrx_word' id='word_1_60' title='bbox 161 1202 215 1265; x_wconf 90' lang='lat' dir='ltr'>fol.</span> <span class='ocrx_word' id='word_1_61' title='bbox 241 1204 282 1266; x_wconf 86' lang='lat'>30</span> <span class='ocrx_word' id='word_1_62' title='bbox 308 1201 386 1264; x_wconf 90' lang='lat' dir='ltr'>hano</span> <span class='ocrx_word' id='word_1_63' title='bbox 409 1199 644 1282; x_wconf 87' lang='lat' dir='ltr'>inscriptionem</span> <span class='ocrx_word' id='word_1_64' title='bbox 667 1199 820 1264; x_wconf 88' lang='lat' dir='ltr'>referens:</span> <span class='ocrx_word' id='word_1_65' title='bbox 852 1197 965 1264; x_wconf 81' lang='lat' dir='ltr'>Contra</span> <span class='ocrx_word' id='word_1_66' title='bbox 993 1201 1152 1281; x_wconf 78' lang='lat' dir='ltr'>epistulam</span> <span class='ocrx_word' id='word_1_67' title='bbox 1172 1201 1284 1281; x_wconf 79' lang='lat' dir='ltr'>foedu-</span> 
     </span>
     <span class='ocr_line' id='line_1_10' title="bbox 162 1304 1285 1390; baseline 0 -20"><span class='ocrx_word' id='word_1_68' title='bbox 162 1307 253 1370; x_wconf 81' lang='lat' dir='ltr'>mentc&#39;</span> <span class='ocrx_word' id='word_1_69' title='bbox 286 1304 540 1382; x_wconf 81' lang='lat' dir='ltr'>Manlcbeorooc;</span> <span class='ocrx_word' id='word_1_70' title='bbox 572 1305 678 1369; x_wconf 88' lang='lat' dir='ltr'>finitur</span> <span class='ocrx_word' id='word_1_71' title='bbox 708 1305 762 1370; x_wconf 85' lang='lat' dir='ltr'>fol.</span> <span class='ocrx_word' id='word_1_72' title='bbox 778 1306 821 1374; x_wconf 70' lang='grc'>484</span> <span class='ocrx_word' id='word_1_73' title='bbox 847 1306 968 1371; x_wconf 79' lang='lat' dir='ltr'>Aurelii</span> <span class='ocrx_word' id='word_1_74' title='bbox 990 1307 1157 1390; x_wconf 69' lang='lat' dir='ltr'>Augustini</span> <span class='ocrx_word' id='word_1_75' title='bbox 1179 1311 1285 1370; x_wconf 79' lang='lat' dir='ltr'>contre</span> 
     </span>
     <span class='ocr_line' id='line_1_11' title="bbox 161 1410 1283 1493; baseline 0 -16"><span class='ocrx_word' id='word_1_76' title='bbox 161 1414 246 1493; x_wconf 81' lang='lat' dir='ltr'>epist.</span> <span class='ocrx_word' id='word_1_77' title='bbox 269 1411 461 1491; x_wconf 72' lang='lat' dir='ltr'>(cadumeretl</span> <span class='ocrx_word' id='word_1_78' title='bbox 484 1410 717 1475; x_wconf 80' lang='lat' dir='ltr'>Moulcbeorcm</span> <span class='ocrx_word' id='word_1_79' title='bbox 739 1411 844 1492; x_wconf 71' lang='lat' dir='ltr'>explic.</span> <span class='ocrx_word' id='word_1_80' title='bbox 867 1411 947 1477; x_wconf 88' lang='lat' dir='ltr'>liber</span> <span class='ocrx_word' id='word_1_81' title='bbox 964 1413 1001 1475; x_wconf 89' lang='lat' dir='ltr'>ab</span> <span class='ocrx_word' id='word_1_82' title='bbox 1021 1431 1082 1477; x_wconf 93' lang='lat' dir='ltr'>uno</span> <span class='ocrx_word' id='word_1_83' title='bbox 1104 1412 1229 1478; x_wconf 86' lang='lat' dir='ltr'>iibrario</span> <span class='ocrx_word' id='word_1_84' title='bbox 1252 1413 1283 1477; x_wconf 93' lang='lat' dir='ltr'>in</span> 
     </span>
     <span class='ocr_line' id='line_1_12' title="bbox 160 1517 1285 1602; baseline 0 -19"><span class='ocrx_word' id='word_1_85' title='bbox 160 1519 341 1594; x_wconf 86' lang='lat' dir='ltr'>membrana</span> <span class='ocrx_word' id='word_1_86' title='bbox 371 1518 570 1602; x_wconf 86' lang='lat' dir='ltr'>integerrima</span> <span class='ocrx_word' id='word_1_87' title='bbox 600 1517 735 1601; x_wconf 90' lang='lat' dir='ltr'>scriptus</span> <span class='ocrx_word' id='word_1_88' title='bbox 768 1521 826 1585; x_wconf 86' lang='lat' dir='ltr'>est.</span> <span class='ocrx_word' id='word_1_89' title='bbox 850 1518 1102 1599; x_wconf 88' lang='lat' dir='ltr'>compendiorum</span> <span class='ocrx_word' id='word_1_90' title='bbox 1130 1521 1162 1582; x_wconf 87' lang='lat' dir='ltr'>et</span> <span class='ocrx_word' id='word_1_91' title='bbox 1187 1519 1285 1584; x_wconf 88' lang='lat' dir='ltr'>tritis-</span> 
     </span>
     <span class='ocr_line' id='line_1_13' title="bbox 161 1624 1284 1706; baseline 0 -17"><span class='ocrx_word' id='word_1_92' title='bbox 161 1626 311 1690; x_wconf 87' lang='lat' dir='ltr'>simorum</span> <span class='ocrx_word' id='word_1_93' title='bbox 332 1624 458 1706; x_wconf 91' lang='lat' dir='ltr'>quidem</span> <span class='ocrx_word' id='word_1_94' title='bbox 477 1643 555 1688; x_wconf 93' lang='lat' dir='ltr'>usus</span> <span class='ocrx_word' id='word_1_95' title='bbox 575 1626 624 1688; x_wconf 90' lang='lat' dir='ltr'>est</span> <span class='ocrx_word' id='word_1_96' title='bbox 641 1624 868 1706; x_wconf 83' lang='lat' dir='ltr'>permodestus.</span> <span class='ocrx_word' id='word_1_97' title='bbox 891 1643 1017 1688; x_wconf 91' lang='lat' dir='ltr'>manum</span> <span class='ocrx_word' id='word_1_98' title='bbox 1045 1624 1284 1689; x_wconf 90' lang='lat' dir='ltr'>emendatricem</span> 
     </span>
     <span class='ocr_line' id='line_1_14' title="bbox 159 1728 1283 1812; baseline 0 -18"><span class='ocrx_word' id='word_1_99' title='bbox 159 1733 207 1795; x_wconf 92' lang='lat' dir='ltr'>ter</span> <span class='ocrx_word' id='word_1_100' title='bbox 234 1749 346 1812; x_wconf 88' lang='lat' dir='ltr'>passus</span> <span class='ocrx_word' id='word_1_101' title='bbox 380 1733 438 1806; x_wconf 79' lang='lat' dir='ltr'>est,</span> <span class='ocrx_word' id='word_1_102' title='bbox 466 1729 600 1812; x_wconf 91' lang='lat' dir='ltr'>primum</span> <span class='ocrx_word' id='word_1_103' title='bbox 624 1748 642 1791; x_wconf 90' lang='lat' dir='ltr'>a</span> <span class='ocrx_word' id='word_1_104' title='bbox 664 1728 765 1793; x_wconf 89' lang='lat' dir='ltr'>scriba</span> <span class='ocrx_word' id='word_1_105' title='bbox 794 1729 874 1812; x_wconf 82' lang='lat' dir='ltr'>ipso,</span> <span class='ocrx_word' id='word_1_106' title='bbox 899 1729 951 1811; x_wconf 92' lang='lat' dir='ltr'>qui</span> <span class='ocrx_word' id='word_1_107' title='bbox 982 1730 1101 1806; x_wconf 88' lang='lat' dir='ltr'>leuiora</span> <span class='ocrx_word' id='word_1_108' title='bbox 1132 1730 1283 1812; x_wconf 88' lang='lat' dir='ltr'>quaedam</span> 
     </span>
     <span class='ocr_line' id='line_1_15' title="bbox 158 1834 1284 1917; baseline -0.001 -18"><span class='ocrx_word' id='word_1_109' title='bbox 158 1836 272 1900; x_wconf 90' lang='lat' dir='ltr'>menda</span> <span class='ocrx_word' id='word_1_110' title='bbox 307 1837 387 1899; x_wconf 91' lang='lat' dir='ltr'>inter</span> <span class='ocrx_word' id='word_1_111' title='bbox 419 1834 616 1899; x_wconf 89' lang='lat' dir='ltr'>scribendum</span> <span class='ocrx_word' id='word_1_112' title='bbox 653 1834 827 1899; x_wconf 90' lang='lat' dir='ltr'>eliminauit</span> <span class='ocrx_word' id='word_1_113' title='bbox 862 1838 894 1898; x_wconf 88' lang='lat' dir='ltr'>et</span> <span class='ocrx_word' id='word_1_114' title='bbox 929 1836 1083 1900; x_wconf 88' lang='lat' dir='ltr'>uocabula</span> <span class='ocrx_word' id='word_1_115' title='bbox 1119 1835 1284 1917; x_wconf 84' lang='lat' dir='ltr'>dupliciter</span> 
     </span>
     <span class='ocr_line' id='line_1_16' title="bbox 158 1940 1281 2026; baseline -0.001 -20"><span class='ocrx_word' id='word_1_116' title='bbox 158 1942 263 2024; x_wconf 87' lang='lat' dir='ltr'>posita</span> <span class='ocrx_word' id='word_1_117' title='bbox 300 1940 502 2026; x_wconf 80' lang='lat' dir='ltr'>expungenda</span> <span class='ocrx_word' id='word_1_118' title='bbox 543 1940 672 2005; x_wconf 79' lang='lat' dir='ltr'>notauit.</span> <span class='ocrx_word' id='word_1_119' title='bbox 714 1940 909 2022; x_wconf 89' lang='lat' dir='ltr'>grauioribus</span> <span class='ocrx_word' id='word_1_120' title='bbox 950 1944 1056 2006; x_wconf 89' lang='lat' dir='ltr'>autem</span> <span class='ocrx_word' id='word_1_121' title='bbox 1097 1941 1281 2022; x_wconf 90' lang='lat' dir='ltr'>corruptelis</span> 
     </span>
     <span class='ocr_line' id='line_1_17' title="bbox 158 2047 1282 2128; baseline -0.002 -16"><span class='ocrx_word' id='word_1_122' title='bbox 158 2048 291 2112; x_wconf 89' lang='lat' dir='ltr'>sublatis</span> <span class='ocrx_word' id='word_1_123' title='bbox 324 2050 479 2112; x_wconf 87' lang='lat' dir='ltr'>corrector</span> <span class='ocrx_word' id='word_1_124' title='bbox 511 2049 612 2110; x_wconf 88' lang='lat' dir='ltr'>aetate</span> <span class='ocrx_word' id='word_1_125' title='bbox 647 2047 740 2128; x_wconf 87' lang='lat' dir='ltr'>paulo</span> <span class='ocrx_word' id='word_1_126' title='bbox 772 2047 925 2112; x_wconf 87' lang='lat' dir='ltr'>recentior</span> <span class='ocrx_word' id='word_1_127' title='bbox 946 2048 1061 2112; x_wconf 91' lang='lat' dir='ltr'>librum</span> <span class='ocrx_word' id='word_1_128' title='bbox 1088 2047 1282 2111; x_wconf 89' lang='lat' dir='ltr'>mundiorem</span> 
     </span>
     <span class='ocr_line' id='line_1_18' title="bbox 157 2138 1282 2243; baseline -0.002 -25"><span class='ocrx_word' id='word_1_129' title='bbox 157 2154 301 2218; x_wconf 88' lang='lat' dir='ltr'>reddidit.</span> <span class='ocrx_word' id='word_1_130' title='bbox 325 2172 436 2217; x_wconf 90' lang='lat' dir='ltr'>manus</span> <span class='ocrx_word' id='word_1_131' title='bbox 464 2172 570 2218; x_wconf 90' lang='lat' dir='ltr'>recens</span> <span class='ocrx_word' id='word_1_132' title='bbox 599 2138 678 2216; x_wconf 88' lang='lat' dir='ltr'>uero</span> <span class='ocrx_word' id='word_1_133' title='bbox 701 2153 739 2215; x_wconf 88' lang='lat' dir='ltr'>ad</span> <span class='ocrx_word' id='word_1_134' title='bbox 764 2154 1010 2218; x_wconf 88' lang='lat' dir='ltr'>emendationem</span> <span class='ocrx_word' id='word_1_135' title='bbox 1038 2154 1117 2218; x_wconf 92' lang='lat' dir='ltr'>nihil</span> <span class='ocrx_word' id='word_1_136' title='bbox 1139 2154 1282 2243; x_wconf 67' lang='lat' dir='ltr'>contulit,</span> 
     </span>
     <span class='ocr_line' id='line_1_19' title="bbox 157 2258 1283 2343; baseline -0.004 -19"><span class='ocrx_word' id='word_1_137' title='bbox 157 2260 216 2324; x_wconf 90' lang='lat' dir='ltr'>nisi</span> <span class='ocrx_word' id='word_1_138' title='bbox 253 2259 337 2340; x_wconf 87' lang='lat' dir='ltr'>quod</span> <span class='ocrx_word' id='word_1_139' title='bbox 371 2261 443 2325; x_wconf 81' lang='lat'>245.</span> <span class='ocrx_word' id='word_1_140' title='bbox 465 2261 504 2322; x_wconf 88' lang='grc'>27</span> <span class='ocrx_word' id='word_1_141' title='bbox 542 2259 581 2322; x_wconf 89' lang='lat' dir='ltr'>ad</span> <span class='ocrx_word' id='word_1_142' title='bbox 620 2277 731 2323; x_wconf 89' lang='lat' dir='ltr'>uocem</span> <span class='ocrx_word' id='word_1_143' title='bbox 765 2258 930 2322; x_wconf 82' lang='lat' dir='ltr'>seeundum</span> <span class='ocrx_word' id='word_1_144' title='bbox 960 2278 1055 2343; x_wconf 92' lang='lat' dir='ltr'>praue</span> <span class='ocrx_word' id='word_1_145' title='bbox 1093 2280 1147 2342; x_wconf 89' lang='lat' dir='ltr'>pro</span> <span class='ocrx_word' id='word_1_146' title='bbox 1183 2279 1283 2323; x_wconf 84' lang='lat' dir='ltr'>seeum</span> 
     </span>
     <span class='ocr_line' id='line_1_20' title="bbox 162 2363 1281 2448; baseline -0.002 -19"><span class='ocrx_word' id='word_1_147' title='bbox 162 2367 235 2429; x_wconf 81' lang='lat' dir='ltr'>dero</span> <span class='ocrx_word' id='word_1_148' title='bbox 267 2364 434 2430; x_wconf 83' lang='lat' dir='ltr'>exhibitam</span> <span class='ocrx_word' id='word_1_149' title='bbox 465 2365 498 2428; x_wconf 90' lang='lat' dir='ltr'>in</span> <span class='ocrx_word' id='word_1_150' title='bbox 533 2364 670 2447; x_wconf 88' lang='lat' dir='ltr'>margine</span> <span class='ocrx_word' id='word_1_151' title='bbox 706 2363 786 2443; x_wconf 82' lang='lat' dir='ltr'>qood</span> <span class='ocrx_word' id='word_1_152' title='bbox 821 2365 1071 2429; x_wconf 89' lang='lat' dir='ltr'>coniunctionem</span> <span class='ocrx_word' id='word_1_153' title='bbox 1107 2365 1281 2448; x_wconf 86' lang='lat' dir='ltr'>adscripsit.</span> 
     </span>
     <span class='ocr_line' id='line_1_21' title="bbox 162 2469 1281 2552; baseline -0.001 -17"><span class='ocrx_word' id='word_1_154' title='bbox 162 2471 246 2536; x_wconf 87' lang='lat' dir='ltr'>idom</span> <span class='ocrx_word' id='word_1_155' title='bbox 272 2472 387 2548; x_wconf 83' lang='lat'>194‚8</span> <span class='ocrx_word' id='word_1_156' title='bbox 419 2470 458 2534; x_wconf 88' lang='lat' dir='ltr'>ad</span> <span class='ocrx_word' id='word_1_157' title='bbox 487 2470 592 2534; x_wconf 89' lang='lat' dir='ltr'>locum</span> <span class='ocrx_word' id='word_1_158' title='bbox 625 2489 641 2533; x_wconf 92' lang='lat' dir='ltr'>e</span> <span class='ocrx_word' id='word_1_159' title='bbox 673 2469 824 2552; x_wconf 87' lang='lat' dir='ltr'>scriptura</span> <span class='ocrx_word' id='word_1_160' title='bbox 856 2488 943 2534; x_wconf 89' lang='lat' dir='ltr'>sacra</span> <span class='ocrx_word' id='word_1_161' title='bbox 973 2471 1106 2551; x_wconf 91' lang='lat' dir='ltr'>petitum</span> <span class='ocrx_word' id='word_1_162' title='bbox 1138 2471 1170 2534; x_wconf 92' lang='grc' dir='ltr'>Π</span> <span class='ocrx_word' id='word_1_163' title='bbox 1204 2470 1281 2534; x_wconf 76' lang='lat' dir='ltr'>Tiora.</span> 
     </span>
     <span class='ocr_line' id='line_1_22' title="bbox 163 2575 1282 2659; baseline 0 -20"><span class='ocrx_word' id='word_1_164' title='bbox 163 2579 182 2640; x_wconf 83' lang='lat'>2</span> <span class='ocrx_word' id='word_1_165' title='bbox 206 2577 327 2640; x_wconf 89' lang='lat' dir='ltr'>addidit</span> <span class='ocrx_word' id='word_1_166' title='bbox 349 2578 381 2641; x_wconf 92' lang='lat' dir='ltr'>et</span> <span class='ocrx_word' id='word_1_167' title='bbox 413 2578 486 2653; x_wconf 77' lang='lat'>242,</span> <span class='ocrx_word' id='word_1_168' title='bbox 510 2577 531 2638; x_wconf 83' lang='lat'>4</span> <span class='ocrx_word' id='word_1_169' title='bbox 553 2575 584 2638; x_wconf 95' lang='lat' dir='ltr'>in</span> <span class='ocrx_word' id='word_1_170' title='bbox 616 2575 752 2659; x_wconf 88' lang='lat' dir='ltr'>margine</span> <span class='ocrx_word' id='word_1_171' title='bbox 785 2575 925 2640; x_wconf 88' lang='lat' dir='ltr'>scholion</span> <span class='ocrx_word' id='word_1_172' title='bbox 958 2575 1043 2655; x_wconf 79' lang='lat' dir='ltr'>‚pald</span> <span class='ocrx_word' id='word_1_173' title='bbox 1063 2580 1138 2640; x_wconf 83' lang='lat' dir='ltr'>esset</span> <span class='ocrx_word' id='word_1_174' title='bbox 1159 2577 1282 2640; x_wconf 68' lang='lat' dir='ltr'>inmaem&#39;</span> 
     </span>
     <span class='ocr_line' id='line_1_23' title="bbox 162 2667 1349 2764; baseline 0 -18"><span class='ocrx_word' id='word_1_175' title='bbox 162 2682 311 2764; x_wconf 84' lang='lat' dir='ltr'>adpinrit.</span> <span class='ocrx_word' id='word_1_176' title='bbox 351 2682 446 2746; x_wconf 84' lang='lat' dir='ltr'>codex</span> <span class='ocrx_word' id='word_1_177' title='bbox 481 2683 666 2747; x_wconf 89' lang='lat' dir='ltr'>Harleianus</span> <span class='ocrx_word' id='word_1_178' title='bbox 702 2683 803 2746; x_wconf 88' lang='lat' dir='ltr'>aetate</span> <span class='ocrx_word' id='word_1_179' title='bbox 842 2667 967 2763; x_wconf 83' lang='lat' dir='ltr'>quidem</span> <span class='ocrx_word' id='word_1_180' title='bbox 1002 2683 1102 2747; x_wconf 91' lang='lat' dir='ltr'>multo</span> <span class='ocrx_word' id='word_1_181' title='bbox 1142 2683 1281 2758; x_wconf 75' lang='lat' dir='ltr'>inferior,</span> <span class='ocrx_word' id='word_1_182' title='bbox 1347 2716 1349 2718; x_wconf 95' lang='lat'>·</span> 
     </span>
     <span class='ocr_line' id='line_1_24' title="bbox 162 2785 1282 2869; baseline 0.002 -19"><span class='ocrx_word' id='word_1_183' title='bbox 162 2787 346 2851; x_wconf 85' lang='lat' dir='ltr'>auctoritate</span> <span class='ocrx_word' id='word_1_184' title='bbox 378 2789 483 2849; x_wconf 89' lang='lat' dir='ltr'>autem</span> <span class='ocrx_word' id='word_1_185' title='bbox 520 2805 580 2851; x_wconf 93' lang='lat' dir='ltr'>non</span> <span class='ocrx_word' id='word_1_186' title='bbox 612 2786 747 2849; x_wconf 92' lang='lat' dir='ltr'>multum</span> <span class='ocrx_word' id='word_1_187' title='bbox 778 2785 1010 2869; x_wconf 87' lang='lat' dir='ltr'>Petropolitano</span> <span class='ocrx_word' id='word_1_188' title='bbox 1047 2787 1282 2869; x_wconf 83' lang='lat' dir='ltr'>posthabendos</span> 
     </span>
     <span class='ocr_line' id='line_1_25' title="bbox 161 2892 1282 2977; baseline 0 -19"><span class='ocrx_word' id='word_1_189' title='bbox 161 2893 221 2959; x_wconf 89' lang='lat' dir='ltr'>hoo</span> <span class='ocrx_word' id='word_1_190' title='bbox 261 2894 356 2958; x_wconf 83' lang='lat' dir='ltr'>habet</span> <span class='ocrx_word' id='word_1_191' title='bbox 394 2893 552 2977; x_wconf 91' lang='lat' dir='ltr'>proprium</span> <span class='ocrx_word' id='word_1_192' title='bbox 585 2930 626 2938; x_wconf 83' lang='lat'>-·</span> <span class='ocrx_word' id='word_1_193' title='bbox 664 2892 748 2974; x_wconf 89' lang='lat' dir='ltr'>quod</span> <span class='ocrx_word' id='word_1_194' title='bbox 786 2892 818 2955; x_wconf 92' lang='lat' dir='ltr'>in</span> <span class='ocrx_word' id='word_1_195' title='bbox 857 2894 1081 2957; x_wconf 86' lang='lat' dir='ltr'>recentioribus</span> <span class='ocrx_word' id='word_1_196' title='bbox 1122 2895 1282 2959; x_wconf 86' lang='lat' dir='ltr'>codicibus</span> 
     </span>
     <span class='ocr_line' id='line_1_26' title="bbox 162 2998 1283 3082; baseline -0.001 -18"><span class='ocrx_word' id='word_1_197' title='bbox 162 2998 304 3076; x_wconf 77' lang='lat' dir='ltr'>occurrit,</span> <span class='ocrx_word' id='word_1_198' title='bbox 347 3018 419 3062; x_wconf 89' lang='lat' dir='ltr'>oum</span> <span class='ocrx_word' id='word_1_199' title='bbox 456 2999 486 3061; x_wconf 92' lang='lat' dir='ltr'>in</span> <span class='ocrx_word' id='word_1_200' title='bbox 522 2998 753 3081; x_wconf 87' lang='lat' dir='ltr'>Petropolitano</span> <span class='ocrx_word' id='word_1_201' title='bbox 795 2998 862 3062; x_wconf 91' lang='lat' dir='ltr'>eius</span> <span class='ocrx_word' id='word_1_202' title='bbox 898 2999 943 3063; x_wconf 91' lang='lat' dir='ltr'>rei</span> <span class='ocrx_word' id='word_1_203' title='bbox 974 2999 1145 3082; x_wconf 87' lang='lat' dir='ltr'>uestigium</span> <span class='ocrx_word' id='word_1_204' title='bbox 1183 3002 1283 3064; x_wconf 82' lang='lat' dir='ltr'>exstet</span> 
     </span>
     <span class='ocr_line' id='line_1_27' title="bbox 160 3103 1282 3186; baseline 0.001 -18"><span class='ocrx_word' id='word_1_205' title='bbox 160 3105 283 3168; x_wconf 91' lang='lat' dir='ltr'>nullum</span> <span class='ocrx_word' id='word_1_206' title='bbox 313 3141 357 3150; x_wconf 94' lang='lat'><em>-</em></span> <span class='ocrx_word' id='word_1_207' title='bbox 385 3107 420 3167; x_wconf 89' lang='lat' dir='ltr'>ut</span> <span class='ocrx_word' id='word_1_208' title='bbox 452 3123 512 3168; x_wconf 94' lang='lat' dir='ltr'>non</span> <span class='ocrx_word' id='word_1_209' title='bbox 545 3103 669 3185; x_wconf 87' lang='lat' dir='ltr'>quidem</span> <span class='ocrx_word' id='word_1_210' title='bbox 701 3105 837 3186; x_wconf 86' lang='lat' dir='ltr'>capitum</span> <span class='ocrx_word' id='word_1_211' title='bbox 869 3119 1014 3169; x_wconf 89' lang='lat' dir='ltr'>numeros</span> <span class='ocrx_word' id='word_1_212' title='bbox 1047 3106 1102 3171; x_wconf 88' lang='lat' dir='ltr'>sed</span> <span class='ocrx_word' id='word_1_213' title='bbox 1132 3105 1164 3170; x_wconf 91' lang='lat' dir='ltr'>K</span> <span class='ocrx_word' id='word_1_214' title='bbox 1199 3106 1282 3170; x_wconf 86' lang='lat' dir='ltr'>litta-</span> 
     </span>
     <span class='ocr_line' id='line_1_28' title="bbox 159 3209 1282 3293; baseline 0.002 -19"><span class='ocrx_word' id='word_1_215' title='bbox 159 3229 235 3287; x_wconf 86' lang='lat' dir='ltr'>ram,</span> <span class='ocrx_word' id='word_1_216' title='bbox 277 3229 356 3292; x_wconf 88' lang='lat' dir='ltr'>quae</span> <span class='ocrx_word' id='word_1_217' title='bbox 397 3210 470 3291; x_wconf 91' lang='lat' dir='ltr'>quin</span> <span class='ocrx_word' id='word_1_218' title='bbox 512 3212 605 3293; x_wconf 88' lang='lat' dir='ltr'>caput</span> <span class='ocrx_word' id='word_1_219' title='bbox 643 3210 794 3292; x_wconf 87' lang='lat' dir='ltr'>incipiens</span> <span class='ocrx_word' id='word_1_220' title='bbox 832 3209 1007 3274; x_wconf 87' lang='lat' dir='ltr'>indicatura</span> <span class='ocrx_word' id='word_1_221' title='bbox 1047 3210 1089 3275; x_wconf 92' lang='lat' dir='ltr'>sit</span> <span class='ocrx_word' id='word_1_222' title='bbox 1132 3230 1192 3276; x_wconf 91' lang='lat' dir='ltr'>non</span> <span class='ocrx_word' id='word_1_223' title='bbox 1234 3215 1282 3276; x_wconf 91' lang='lat' dir='ltr'>est</span> 
     </span>
     <span class='ocr_line' id='line_1_29' title="bbox 160 3315 1280 3400; baseline 0.001 -19"><span class='ocrx_word' id='word_1_224' title='bbox 160 3317 300 3394; x_wconf 81' lang='lat' dir='ltr'>dubium,</span> <span class='ocrx_word' id='word_1_225' title='bbox 324 3316 356 3379; x_wconf 92' lang='lat' dir='ltr'>in</span> <span class='ocrx_word' id='word_1_226' title='bbox 375 3315 513 3399; x_wconf 85' lang='lat' dir='ltr'>margine</span> <span class='ocrx_word' id='word_1_227' title='bbox 532 3318 704 3381; x_wconf 84' lang='lat' dir='ltr'>atramento</span> <span class='ocrx_word' id='word_1_228' title='bbox 723 3316 880 3400; x_wconf 90' lang='lat' dir='ltr'>adpictam</span> <span class='ocrx_word' id='word_1_229' title='bbox 897 3335 970 3398; x_wconf 89' lang='lat' dir='ltr'>prae</span> <span class='ocrx_word' id='word_1_230' title='bbox 989 3335 1022 3381; x_wconf 91' lang='lat' dir='ltr'>se</span> <span class='ocrx_word' id='word_1_231' title='bbox 1040 3316 1128 3380; x_wconf 90' lang='lat' dir='ltr'>ferat.</span> <span class='ocrx_word' id='word_1_232' title='bbox 1148 3337 1280 3400; x_wconf 88' lang='lat' dir='ltr'>quorum</span> 
     </span>
     <span class='ocr_line' id='line_1_30' title="bbox 160 3421 1280 3506; baseline 0.001 -19"><span class='ocrx_word' id='word_1_233' title='bbox 160 3423 299 3504; x_wconf 89' lang='lat' dir='ltr'>capitum</span> <span class='ocrx_word' id='word_1_234' title='bbox 323 3424 352 3486; x_wconf 83' lang='lat'>5.</span> <span class='ocrx_word' id='word_1_235' title='bbox 379 3424 408 3486; x_wconf 87' lang='grc'>7.</span> <span class='ocrx_word' id='word_1_236' title='bbox 432 3422 462 3490; x_wconf 84' lang='lat' dir='ltr'>a.</span> <span class='ocrx_word' id='word_1_237' title='bbox 489 3423 539 3485; x_wconf 86' lang='grc'>16.</span> <span class='ocrx_word' id='word_1_238' title='bbox 564 3423 616 3484; x_wconf 74' lang='grc'>23.’</span> <span class='ocrx_word' id='word_1_239' title='bbox 649 3423 690 3485; x_wconf 89' lang='grc'>38</span> <span class='ocrx_word' id='word_1_240' title='bbox 723 3441 795 3486; x_wconf 91' lang='lat' dir='ltr'>cum</span> <span class='ocrx_word' id='word_1_241' title='bbox 826 3421 1101 3487; x_wconf 86' lang='lat' dir='ltr'>Benedictinorum</span> <span class='ocrx_word' id='word_1_242' title='bbox 1134 3423 1280 3506; x_wconf 89' lang='lat' dir='ltr'>capitulis</span> 
     </span>
     <span class='ocr_line' id='line_1_31' title="bbox 159 3520 1280 3610; baseline 0.002 -17"><span class='ocrx_word' id='word_1_243' title='bbox 159 3528 347 3610; x_wconf 77' lang='lat' dir='ltr'>conspirant,</span> <span class='ocrx_word' id='word_1_244' title='bbox 372 3520 402 3591; x_wconf 85' lang='grc'>2.</span> <span class='ocrx_word' id='word_1_245' title='bbox 427 3530 456 3591; x_wconf 91' lang='grc'>3.</span> <span class='ocrx_word' id='word_1_246' title='bbox 480 3529 500 3590; x_wconf 90' lang='grc'>4</span> <span class='ocrx_word' id='word_1_247' title='bbox 524 3527 720 3604; x_wconf 85' lang='lat' dir='ltr'>omittuntur,</span> <span class='ocrx_word' id='word_1_248' title='bbox 744 3530 846 3593; x_wconf 88' lang='lat' dir='ltr'>cetera</span> <span class='ocrx_word' id='word_1_249' title='bbox 864 3546 881 3590; x_wconf 90' lang='lat' dir='ltr'>a</span> <span class='ocrx_word' id='word_1_250' title='bbox 900 3528 1121 3610; x_wconf 84' lang='lat' dir='ltr'>capitulatione</span> <span class='ocrx_word' id='word_1_251' title='bbox 1145 3530 1280 3596; x_wconf 87' lang='lat' dir='ltr'>editione</span> 
     </span>
     <span class='ocr_line' id='line_1_32' title="bbox 157 3632 1281 3718; baseline 0.004 -22"><span class='ocrx_word' id='word_1_252' title='bbox 157 3633 295 3716; x_wconf 88' lang='lat' dir='ltr'>principe</span> <span class='ocrx_word' id='word_1_253' title='bbox 326 3632 473 3696; x_wconf 89' lang='lat' dir='ltr'>instituta</span> <span class='ocrx_word' id='word_1_254' title='bbox 505 3650 523 3695; x_wconf 92' lang='lat' dir='ltr'>a</span> <span class='ocrx_word' id='word_1_255' title='bbox 552 3632 706 3714; x_wconf 89' lang='lat' dir='ltr'>prioribus</span> <span class='ocrx_word' id='word_1_256' title='bbox 739 3633 909 3696; x_wconf 84' lang='lat' dir='ltr'>editoribus</span> <span class='ocrx_word' id='word_1_257' title='bbox 940 3634 1124 3716; x_wconf 88' lang='lat' dir='ltr'>plerumque</span> <span class='ocrx_word' id='word_1_258' title='bbox 1156 3639 1281 3718; x_wconf 88' lang='lat' dir='ltr'>recepta</span> 
     </span>
     <span class='ocr_line' id='line_1_33' title="bbox 157 3737 1282 3822; baseline 0.004 -21"><span class='ocrx_word' id='word_1_259' title='bbox 157 3739 301 3807; x_wconf 81' lang='lat' dir='ltr'>recedere</span> <span class='ocrx_word' id='word_1_260' title='bbox 330 3737 361 3802; x_wconf 94' lang='lat' dir='ltr'>in</span> <span class='ocrx_word' id='word_1_261' title='bbox 394 3741 544 3822; x_wconf 89' lang='lat' dir='ltr'>apparatu</span> <span class='ocrx_word' id='word_1_262' title='bbox 575 3738 682 3803; x_wconf 87' lang='lat' dir='ltr'>critica</span> <span class='ocrx_word' id='word_1_263' title='bbox 712 3739 828 3821; x_wconf 93' lang='lat' dir='ltr'>ubique</span> <span class='ocrx_word' id='word_1_264' title='bbox 860 3739 1018 3807; x_wconf 88' lang='lat' dir='ltr'>adnotaui.</span> <span class='ocrx_word' id='word_1_265' title='bbox 1042 3747 1180 3806; x_wconf 89' lang='lat' dir='ltr'>ceterum</span> <span class='ocrx_word' id='word_1_266' title='bbox 1202 3743 1282 3806; x_wconf 92' lang='lat' dir='ltr'>liber</span> 
     </span>
     <span class='ocr_line' id='line_1_34' title="bbox 157 3842 1279 3928; baseline 0.004 -20"><span class='ocrx_word' id='word_1_267' title='bbox 157 3842 343 3909; x_wconf 87' lang='lat' dir='ltr'>auctoritato</span> <span class='ocrx_word' id='word_1_268' title='bbox 367 3844 506 3908; x_wconf 89' lang='lat' dir='ltr'>eminens</span> <span class='ocrx_word' id='word_1_269' title='bbox 530 3863 590 3909; x_wconf 95' lang='lat' dir='ltr'>non</span> <span class='ocrx_word' id='word_1_270' title='bbox 613 3844 796 3928; x_wconf 91' lang='lat' dir='ltr'>uulgaribus</span> <span class='ocrx_word' id='word_1_271' title='bbox 820 3846 921 3910; x_wconf 94' lang='lat' dir='ltr'>solum</span> <span class='ocrx_word' id='word_1_272' title='bbox 946 3846 1033 3911; x_wconf 89' lang='lat' dir='ltr'>uitiis</span> <span class='ocrx_word' id='word_1_273' title='bbox 1057 3866 1166 3913; x_wconf 90' lang='lat' dir='ltr'>uerum</span> <span class='ocrx_word' id='word_1_274' title='bbox 1186 3849 1279 3912; x_wconf 88' lang='lat' dir='ltr'>etiam</span> 
     </span>
     <span class='ocr_line' id='line_1_35' title="bbox 157 3949 1280 4036; baseline 0.004 -23"><span class='ocrx_word' id='word_1_275' title='bbox 157 3949 353 4034; x_wconf 91' lang='lat' dir='ltr'>grauioribus</span> <span class='ocrx_word' id='word_1_276' title='bbox 376 3949 511 4014; x_wconf 85' lang='lat' dir='ltr'>infectus</span> <span class='ocrx_word' id='word_1_277' title='bbox 535 3957 592 4014; x_wconf 90' lang='lat' dir='ltr'>est.</span> <span class='ocrx_word' id='word_1_278' title='bbox 621 3951 704 4032; x_wconf 90' lang='lat' dir='ltr'>quod</span> <span class='ocrx_word' id='word_1_279' title='bbox 722 3968 784 4031; x_wconf 91' lang='lat' dir='ltr'>quo</span> <span class='ocrx_word' id='word_1_280' title='bbox 802 3952 994 4018; x_wconf 92' lang='lat' dir='ltr'>luculentius</span> <span class='ocrx_word' id='word_1_281' title='bbox 1014 3957 1169 4036; x_wconf 78' lang='lat' dir='ltr'>appareat,</span> <span class='ocrx_word' id='word_1_282' title='bbox 1189 3972 1280 4035; x_wconf 89' lang='lat' dir='ltr'>quao-</span> 
     </span>
     <span class='ocr_line' id='line_1_36' title="bbox 157 4056 1278 4141; baseline 0.005 -21"><span class='ocrx_word' id='word_1_283' title='bbox 157 4056 229 4123; x_wconf 90' lang='lat' dir='ltr'>dam</span> <span class='ocrx_word' id='word_1_284' title='bbox 251 4057 437 4121; x_wconf 91' lang='lat' dir='ltr'>mendorum</span> <span class='ocrx_word' id='word_1_285' title='bbox 460 4076 574 4140; x_wconf 89' lang='lat' dir='ltr'>genera</span> <span class='ocrx_word' id='word_1_286' title='bbox 596 4057 745 4140; x_wconf 85' lang='lat' dir='ltr'>exemplis</span> <span class='ocrx_word' id='word_1_287' title='bbox 767 4057 839 4122; x_wconf 92' lang='lat' dir='ltr'>hinc</span> <span class='ocrx_word' id='word_1_288' title='bbox 861 4058 949 4123; x_wconf 92' lang='lat' dir='ltr'>illino</span> <span class='ocrx_word' id='word_1_289' title='bbox 972 4059 1081 4141; x_wconf 87' lang='lat' dir='ltr'>petitis</span> <span class='ocrx_word' id='word_1_290' title='bbox 1103 4060 1278 4125; x_wconf 89' lang='lat' dir='ltr'>illustrabo.</span> 
     </span>
     <span class='ocr_line' id='line_1_37' title="bbox 157 4155 1280 4248; baseline 0.005 -24"><span class='ocrx_word' id='word_1_291' title='bbox 157 4164 251 4245; x_wconf 87' lang='lat' dir='ltr'>atque</span> <span class='ocrx_word' id='word_1_292' title='bbox 268 4162 390 4227; x_wconf 89' lang='lat' dir='ltr'>lacunis</span> <span class='ocrx_word' id='word_1_293' title='bbox 409 4161 534 4244; x_wconf 88' lang='lat' dir='ltr'>quidam</span> <span class='ocrx_word' id='word_1_294' title='bbox 552 4182 613 4227; x_wconf 95' lang='lat' dir='ltr'>non</span> <span class='ocrx_word' id='word_1_295' title='bbox 633 4166 682 4227; x_wconf 89' lang='lat' dir='ltr'>est</span> <span class='ocrx_word' id='word_1_296' title='bbox 700 4163 904 4247; x_wconf 83' lang='lat' dir='ltr'>deprauatus3</span> <span class='ocrx_word' id='word_1_297' title='bbox 929 4155 1029 4229; x_wconf 78' lang='lat' dir='ltr'>exstat</span> <span class='ocrx_word' id='word_1_298' title='bbox 1048 4166 1130 4230; x_wconf 89' lang='lat' dir='ltr'>enim</span> <span class='ocrx_word' id='word_1_299' title='bbox 1149 4166 1280 4248; x_wconf 90' lang='lat' dir='ltr'>amplior</span> 
     </span>
    </p>
   </div>
   <div class='ocr_carea' id='block_1_3' title="bbox 0 0 1474 4628">
    <p class='ocr_par' dir='ltr' id='par_1_3' title="bbox 0 0 1474 4628">
     <span class='ocr_line' id='line_1_38' title="bbox 0 0 1474 4628; baseline 0 3"><span class='ocrx_word' id='word_1_300' title='bbox 0 0 1474 4628; x_wconf 95' lang='lat' dir='ltr'> </span> 
     </span>
    </p>
   </div>
  </div>
 </body>
</html>
