2940 4628
488 259 549 314 vn.
575 258 716 316 Contra
737 262 904 319 Felicem
931 263 995 319 lib.
1021 266 1043 320 1.
1208 289 1211 293 ·
1254 269 1317 335 807

203 451 387 529 mitae,.et
410 451 472 532 qui
494 450 707 515 inhabitant
728 451 1044 535 Mesopotamiam,
1075 453 1247 520 Iudaeam
1279 458 1318 521 et

206 556 486 640 Cappadociam,
508 556 676 635 Pontum,
699 556 835 636 Asiam,
862 557 1057 644 Phrygiam
1086 561 1122 624 et
1142 560 1316 646 Pamphy-

203 662 301 741 liam,
324 661 534 746 Aegyptum
562 663 598 726 et
623 662 749 743 partes
771 662 917 745 Libyae,
946 682 1036 745 quae
1063 666 1121 735 est
1147 664 1190 728 ad
1212 664 1317 748 Gyre-

203 788 295 847 nem,
324 771 361 833 et
388 768 450 850 qui
479 759 806 834 aderant'aomani
828 768 1029 853 ludaeique
1057 778 1093 834 et
1123 771 1314 855 proselyti,

171 875 403 941 odretcnses
433 877 469 939 et
494 875 633 940 Arabes
661 873 863 941 audiebant
892 875 1089 957 loquentes
1120 875 1209 942 illos
1237 877 1315 942 suis

202 960 343 1066 linguis
365 981 552 1065 magnalia
574 980 641 1045 dei.
665 982 791 1048 etcum
812 980 966 1059 recitaret,
985 981 1078 1049 dixit:
1092 981 1217 1048 Audisti
1234 1002 1316 1048 nunc

200 1088 262 1152 iam
286 1088 430 1172 spiritum
455 1089 598 1152 sanetum
632 1090 664 1152 et
685 1087 840 1170 quomodo
864 1086 907 1151 sit
927 1087 1069 1155 missus?
1100 1089 1185 1170 quod
1207 1089 1245 1154 de
1266 1109 1316 1156 me

202 1192 333 1277 exegisti
354 1193 514 1276 probaui:
529 1195 681 1275 superest,
708 1194 758 1256 ui'
772 1194 804 1257 et
829 1195 865 1256 tu
892 1192 998 1272 facias,
1026 1193 1109 1276 quod
1134 1195 1315 1278 promisisti.

201 1299 348 1381 quoniam
369 1298 557 1376 inuenimus,
581 1297 703 1380 quando
730 1298 851 1366 miserit
877 1298 1020 1380 spiritum
1048 1303 1200 1380 sanctum,
1224 1319 1315 1382 quem

158 1404 354 1487 repromisit,
377 1423 506 1488 respuas
528 1404 616 1469 illam
639 1404 833 1486 scripturam,
858 1424 937 1487 quae
960 1406 1018 1470 sub
1041 1405 1165 1470 nomine
1187 1407 1314 1489 spiritus

201 1510 301 1584 sancti
323 1510 464 1576 fraudare
487 1510 591 1576 uoluit
612 1511 665 1575 uel
686 1511 836 1576 lectorem
858 1511 911 1576 uel
934 1512 1115 1577 auditorem.
1202 1503 1203 1507 ’

243 1617 273 1680 6.
300 1615 379 1681 FEL.
401 1616 497 1683 dixit:
524 1617 591 1700 ligo
613 1635 675 1681 non
697 1635 777 1700 nego
799 1616 832 1680 id
855 1617 938 1699 quod
960 1617 1031 1696 dixi,
1059 1617 1223 1700 quiscum
1246 1638 1314 1702 pro-

199 1722 308 1785 batum
330 1722 408 1786 mihi
430 1722 534 1800 fuerit,
559 1722 641 1805 quod
664 1722 793 1805 spiritus
821 1726 947 1788 sanctus
974 1723 1115 1788 docuerit
1140 1725 1314 1803 ueritatem,

199 1845 292 1909 quarn
315 1846 438 1910 quaero,
461 1827 548 1892 illam
570 1846 693 1910 respuo.
717 1827 776 1892 hoe
794 1828 876 1899 onim
895 1827 1044 1894 sanctitas
1061 1831 1116 1892 tua
1132 1828 1211 1893 mihi
1226 1829 1314 1913 legit,

156 1953 180 1991 xe
201 1933 255 1997 ubi
278 1932 422 2016 spiritum
445 1937 588 1998 sanctum
607 1933 741 2016 apostoli
758 1936 951 2016 accepemnt,
971 1937 1003 1999 et
1019 1934 1051 1998 in
1067 1934 1146 2017 ipsis
1164 1934 1313 2017 apostolis

198 2058 296 2103 unum
319 2059 444 2122 quaero,
467 2039 521 2122 qui
542 2058 593 2104 mo
616 2039 728 2105 doceat
749 2039 787 2104 de
809 2039 909 2117 initio,
934 2039 1106 2118 demedio,
1130 2039 1169 2105 ds
1190 2040 1261 2106 fine.

240 2144 326 2210 Aoo.
350 2137 444 2210 dixit:
473 2145 507 2211 Si
533 2147 648 2230 legeris
675 2146 735 2211 hoo
761 2145 874 2210 dixisse
902 2145 1080 2210 dominum:
1107 2146 1199 2212 mitto
1220 2149 1311 2214 uobis

172 2292 174 2296 »
198 2250 342 2334 spiritum
362 2255 515 2330 sanctum,
534 2253 588 2335 qui
601 2272 659 2318 uos
675 2252 784 2318 doceat
799 2252 940 2328 initium,
952 2251 1100 2332 medium,
1118 2252 1220 2331 finem,
1234 2253 1312 2320 bene

197 2375 247 2420 me
270 2356 427 2442 astringis,
450 2361 488 2421 ut
510 2359 681 2436 ostendam,
705 2376 783 2442 quos
806 2358 946 2423 docuerit
967 2357 1094 2441 spiritus
1113 2362 1248 2442 sanctus.

84 2539 86 2543 ¹
154 2480 180 2520 ao
242 2463 321 2552 PBL.
341 2463 436 2528 dixit:
460 2462 540 2543 Quia
563 2464 712 2530 sauctitas
732 2466 790 2534 ,tua
811 2464 871 2528 hoc
893 2463 979 2542 dicit,
1001 2463 1084 2546 quod
1102 2465 1235 2547 apostoli
1251 2465 1313 2548 ipsi

193 2574 384 2652 accepemnt
415 2571 559 2654 spiritum
592 2572 735 2652 sanctum
765 2570 975 2651 paracletum,
1006 2569 1121 2635 iterum
1152 2570 1239 2636 dico:
1272 2571 1309 2635 de

197 2676 347 2758 apostolis
365 2676 443 2760 ipsis
462 2695 554 2758 quem
572 2675 720 2752 uolueris,
740 2674 850 2740 doceat
865 2693 926 2753 me,
945 2675 1028 2757 quod
1044 2694 1095 2738 me
1107 2675 1310 2740 Manichaeus

197 2782 321 2859 docuit,
354 2784 409 2846 aut
437 2782 538 2865 ipsius
570 2781 739 2847 doctrinam
772 2784 920 2859 euaouet,
943 2778 992 2846 'de
1024 2779 1187 2854 duodecim
1218 2800 1310 2864 quem

196 2889 343 2963 uolueris,
1000 2913 1002 2916 ·

153 3006 179 3046 2⁵
240 2994 325 3061 AUG.
349 2994 444 3058 dixit:
476 2994 569 3059 Absit
589 2994 682 3077 longe
705 3011 724 3057 a
744 2992 813 3058 fide
828 2993 1048 3075 apostolorum,
1075 2994 1112 3055 ut
1138 2990 1309 3056 doctrinam

196 3100 327 3166 doceant
345 3101 490 3184 sacrilegi
505 3099 688 3165 Manichaei.
714 3099 769 3163 sed
788 3099 932 3180 quoniam
951 3099 1028 3163 dicis
1051 3118 1147 3162 unum
1170 3099 1309 3180 ipsorum

196 3207 305 3271 debere
338 3224 488 3270 euacuare
521 3205 692 3270 doctrinam
722 3205 915 3283 Manichaei,
947 3205 1039 3270 modo
1072 3209 1178 3269 autom
1209 3205 1310 3269 sancti

195 3312 329 3394 apostoli
350 3331 411 3377 non
430 3311 552 3376 suntin
571 3329 706 3394 corpore,
727 3329 783 3394 ego
802 3311 951 3375 minimus
968 3330 1029 3376 non
1048 3311 1148 3375 solum
1169 3307 1307 3375 omniurn

195 3417 416 3499 apostolorum,
449 3417 504 3481 sed
532 3417 669 3482 omniurn
700 3417 927 3499 episcoporum,
955 3454 997 3464 —
1025 3435 1095 3480 nam
1127 3416 1166 3480 ad
1196 3415 1308 3480 merita

230 3604 242 3656 1
269 3602 429 3657 habitabant
454 3590 504 3660 ΡΒ
527 3603 651 3657 habitant
676 3603 720 3658 Rc
803 3604 1040 3674 mesopoihanriam
1064 3604 1092 3659 R
1175 3604 1307 3675 iudaeam]

193 3693 335 3748 armeniam
362 3692 378 3746 h
466 3693 483 3745 2
510 3690 677 3762 capadociam
708 3691 734 3745 T
811 3692 994 3762 phrigiamque
1020 3694 1048 3747 P
1072 3693 1264 3763 phrygiamque
1292 3695 1307 3749 h

193 3779 297 3849 frigiam
319 3780 345 3834 T
433 3781 603 3851 panphyliam
625 3781 653 3834 P
673 3776 844 3852 pamphiliam
869 3782 895 3835 Τ
914 3782 1089 3852 pamphiriam
1106 3783 1134 3838 R
1221 3785 1238 3838 3
1262 3776 1306 3854 ad]

193 3867 260 3921 eirca
276 3867 355 3933 Pac,
375 3871 512 3937 (superscr.
530 3869 543 3922 l
561 3868 638 3936 atys
688 3869 857 3924 eironenPR
891 3869 1123 3925 dadoeneranth
1160 3871 1243 3940 ide]
1261 3873 1307 3927 ah

193 3955 259 4009 8tu
276 3956 361 4010 orat
412 3942 573 4012 '9miserit
589 3964 636 4027 xps
654 3957 701 4023 (rii
716 3958 747 4010 ia
763 3963 829 4022 ros.)
847 3958 875 4012 P
890 3957 993 4012 misith
1074 3960 1107 4014 16
1126 3963 1153 4014 ct
1170 3959 1222 4013 fine
1236 3959 1306 4014 Pas

195 4043 236 4098 18·
247 4043 340 4098 doceat
356 4061 404 4098 uos
423 4046 439 4099 h
527 4048 555 4100 et
572 4045 649 4099 finem
667 4044 758 4100 Prisc
829 4045 861 4099 21
881 4047 1038 4116 paraclitum
1056 4048 1084 4101 P
1098 4048 1262 4118 paraclytum
1284 4048 1310 4102 T

193 4131 240 4200 (sie
253 4131 362 4202 ubique)
415 4134 449 4186 25
464 4132 746 4204 apostolorumom.1i
781 4133 815 4185 26
834 4136 952 4189 eornmd
988 4137 1021 4188 27
1041 4151 1167 4190 euacuare
1180 4136 1307 4191 deberet
