<?xml version="1.0" encoding="UTF-8"?>
<!DOCTYPE html PUBLIC "-//W3C//DTD XHTML 1.0 Transitional//EN"
    "http://www.w3.org/TR/xhtml1/DTD/xhtml1-transitional.dtd">
<html xmlns="http://www.w3.org/1999/xhtml" xml:lang="en" lang="en">
 <head>
  <title>
</title>
<meta http-equiv="Content-Type" content="text/html;charset=utf-8" />
  <meta name='ocr-system' content='tesseract 3.04.00' />
  <meta name='ocr-capabilities' content='ocr_page ocr_carea ocr_par ocr_line ocrx_word'/>
</head>
<body>
  <div class='ocr_page' id='page_1' title='image "./sanctiavreliavg00zychgoog_0093.png"; bbox 0 0 2940 4628; ppageno 0'>
   <div class='ocr_carea' id='block_1_1' title="bbox 214 248 943 329">
    <p class='ocr_par' dir='ltr' id='par_1_1' title="bbox 214 248 943 329">
     <span class='ocr_line' id='line_1_1' title="bbox 214 248 943 329; baseline 0.003 -13"><span class='ocrx_word' id='word_1_1' title='bbox 214 265 327 329; x_wconf 71' lang='lat' dir='ltr'>LXXX</span> <span class='ocrx_word' id='word_1_2' title='bbox 660 248 874 320; x_wconf 72' lang='lat' dir='ltr'>Praefatio.</span> <span class='ocrx_word' id='word_1_3' title='bbox 940 272 943 279; x_wconf 95' lang='lat'><em>·</em></span> 
     </span>
    </p>
   </div>
   <div class='ocr_carea' id='block_1_2' title="bbox 117 456 1376 4255">
    <p class='ocr_par' dir='ltr' id='par_1_2' title="bbox 117 456 1376 4255">
     <span class='ocr_line' id='line_1_2' title="bbox 213 456 1336 544; baseline 0 -21"><span class='ocrx_word' id='word_1_4' title='bbox 213 479 275 523; x_wconf 86' lang='grc'><em>3333</em></span> <span class='ocrx_word' id='word_1_5' title='bbox 297 461 537 524; x_wconf 76' lang='lat' dir='ltr'>constitutionem</span> <span class='ocrx_word' id='word_1_6' title='bbox 569 456 699 523; x_wconf 77' lang='lat' dir='ltr'>Caecilii</span> <span class='ocrx_word' id='word_1_7' title='bbox 720 458 851 522; x_wconf 77' lang='lat' dir='ltr'>alicuius</span> <span class='ocrx_word' id='word_1_8' title='bbox 872 458 1001 540; x_wconf 65' lang='lat' dir='ltr'>Africae</span> <span class='ocrx_word' id='word_1_9' title='bbox 1032 457 1128 544; x_wconf 89' lang='grc'><em>(3333</em></span> <span class='ocrx_word' id='word_1_10' title='bbox 1154 461 1230 526; x_wconf 92' lang='lat' dir='ltr'><strong>bibl.</strong></span> <span class='ocrx_word' id='word_1_11' title='bbox 1254 463 1336 528; x_wconf 87' lang='grc'><em>3333</em></span> 
     </span>
     <span class='ocr_line' id='line_1_3' title="bbox 214 564 1340 651; baseline 0 -21"><span class='ocrx_word' id='word_1_12' title='bbox 214 567 325 630; x_wconf 85' lang='grc'><em>33313</em></span> <span class='ocrx_word' id='word_1_13' title='bbox 312 567 458 631; x_wconf 86' lang='grc' dir='ltr'><em>(3.331Π</em></span> <span class='ocrx_word' id='word_1_14' title='bbox 481 567 543 630; x_wconf 84' lang='lat'><em>467</em></span> <span class='ocrx_word' id='word_1_15' title='bbox 568 564 715 631; x_wconf 82' lang='lat' dir='ltr'>Coloniae</span> <span class='ocrx_word' id='word_1_16' title='bbox 737 566 812 650; x_wconf 85' lang='lat' dir='ltr'><em>Agr</em></span> <span class='ocrx_word' id='word_1_17' title='bbox 838 565 1215 651; x_wconf 69' lang='grc'><em>1333-3333333333</em></span> <span class='ocrx_word' id='word_1_18' title='bbox 1246 586 1340 648; x_wconf 89' lang='lat' dir='ltr'>quam</span> 
     </span>
     <span class='ocr_line' id='line_1_4' title="bbox 213 672 1339 756; baseline 0.002 -20"><span class='ocrx_word' id='word_1_19' title='bbox 213 674 363 737; x_wconf 87' lang='grc'><em>3313333</em></span> <span class='ocrx_word' id='word_1_20' title='bbox 387 674 499 738; x_wconf 85' lang='lat' dir='ltr'>aetatis</span> <span class='ocrx_word' id='word_1_21' title='bbox 521 674 575 737; x_wconf 90' lang='lat' dir='ltr'><em>uel</em></span> <span class='ocrx_word' id='word_1_22' title='bbox 598 692 685 737; x_wconf 86' lang='lat' dir='ltr'>suam</span> <span class='ocrx_word' id='word_1_23' title='bbox 709 675 840 738; x_wconf 77' lang='lat' dir='ltr'>consuet</span> <span class='ocrx_word' id='word_1_24' title='bbox 825 672 967 737; x_wconf 77' lang='lat' dir='ltr'>tudinem</span> <span class='ocrx_word' id='word_1_25' title='bbox 993 692 1089 756; x_wconf 89' lang='lat' dir='ltr'>praue</span> <span class='ocrx_word' id='word_1_26' title='bbox 1111 674 1144 737; x_wconf 93' lang='lat' dir='ltr'>in</span> <span class='ocrx_word' id='word_1_27' title='bbox 1167 673 1245 738; x_wconf 87' lang='lat' dir='ltr'>alios</span> <span class='ocrx_word' id='word_1_28' title='bbox 1269 693 1339 738; x_wconf 91' lang='lat' dir='ltr'>con·</span> 
     </span>
     <span class='ocr_line' id='line_1_5' title="bbox 202 778 1339 863; baseline 0 -21"><span class='ocrx_word' id='word_1_29' title='bbox 202 779 343 842; x_wconf 84' lang='lat' dir='ltr'>tulerint</span> <span class='ocrx_word' id='word_1_30' title='bbox 328 779 535 862; x_wconf 90' lang='lat' dir='ltr'>trespondeo</span> <span class='ocrx_word' id='word_1_31' title='bbox 554 778 725 863; x_wconf 77' lang='lat' dir='ltr'><strong>Augustini</strong></span> <span class='ocrx_word' id='word_1_32' title='bbox 743 779 882 842; x_wconf 91' lang='lat' dir='ltr'>animum</span> <span class='ocrx_word' id='word_1_33' title='bbox 899 798 960 844; x_wconf 93' lang='lat' dir='ltr'><em>non</em></span> <span class='ocrx_word' id='word_1_34' title='bbox 984 799 1053 844; x_wconf 91' lang='grc'><em>3333</em></span> <span class='ocrx_word' id='word_1_35' title='bbox 1077 779 1243 857; x_wconf 80' lang='lat' dir='ltr'>offensum3</span> <span class='ocrx_word' id='word_1_36' title='bbox 1268 798 1339 843; x_wconf 90' lang='lat' dir='ltr'><em>nam</em></span> 
     </span>
     <span class='ocr_line' id='line_1_6' title="bbox 213 885 1340 963; baseline 0.002 -15"><span class='ocrx_word' id='word_1_37' title='bbox 213 903 249 950; x_wconf 87' lang='grc'><em>33</em></span> <span class='ocrx_word' id='word_1_38' title='bbox 269 889 463 951; x_wconf 73' lang='lat' dir='ltr'>contestante</span> <span class='ocrx_word' id='word_1_39' title='bbox 478 886 564 950; x_wconf 80' lang='lat' dir='ltr'>Felix</span> <span class='ocrx_word' id='word_1_40' title='bbox 583 888 702 963; x_wconf 85' lang='lat'>852,18</span> <span class='ocrx_word' id='word_1_41' title='bbox 727 885 835 949; x_wconf 84' lang='lat' dir='ltr'>eadem</span> <span class='ocrx_word' id='word_1_42' title='bbox 849 885 957 951; x_wconf 51' lang='lat' dir='ltr'><em>¹forma</em></span> <span class='ocrx_word' id='word_1_43' title='bbox 974 886 1191 950; x_wconf 87' lang='lat' dir='ltr'>Manichaeum</span> <span class='ocrx_word' id='word_1_44' title='bbox 1215 885 1340 950; x_wconf 85' lang='grc'><em>3333133-</em></span> 
     </span>
     <span class='ocr_line' id='line_1_7' title="bbox 211 992 1339 1075; baseline 0.002 -21"><span class='ocrx_word' id='word_1_45' title='bbox 211 993 320 1055; x_wconf 90' lang='lat' dir='ltr'>mauit.</span> <span class='ocrx_word' id='word_1_46' title='bbox 353 1011 450 1055; x_wconf 92' lang='lat' dir='ltr'>unum</span> <span class='ocrx_word' id='word_1_47' title='bbox 482 992 570 1056; x_wconf 92' lang='lat' dir='ltr'>illam</span> <span class='ocrx_word' id='word_1_48' title='bbox 598 992 773 1074; x_wconf 88' lang='lat' dir='ltr'>opinionem</span> <span class='ocrx_word' id='word_1_49' title='bbox 804 993 971 1075; x_wconf 78' lang='lat' dir='ltr'>percellere</span> <span class='ocrx_word' id='word_1_50' title='bbox 1002 992 1136 1071; x_wconf 88' lang='lat' dir='ltr'>uidetur,</span> <span class='ocrx_word' id='word_1_51' title='bbox 1173 992 1339 1057; x_wconf 91' lang='lat' dir='ltr'>memoriae</span> 
     </span>
     <span class='ocr_line' id='line_1_8' title="bbox 212 1083 1340 1181; baseline 0.002 -20"><span class='ocrx_word' id='word_1_52' title='bbox 212 1097 347 1161; x_wconf 88' lang='lat' dir='ltr'>traditio.</span> <span class='ocrx_word' id='word_1_53' title='bbox 376 1083 447 1160; x_wconf 87' lang='lat' dir='ltr'><em>nam</em></span> <span class='ocrx_word' id='word_1_54' title='bbox 478 1097 530 1160; x_wconf 91' lang='grc'><em>313</em></span> <span class='ocrx_word' id='word_1_55' title='bbox 562 1097 662 1160; x_wconf 92' lang='lat' dir='ltr'>ullum</span> <span class='ocrx_word' id='word_1_56' title='bbox 694 1097 845 1180; x_wconf 87' lang='lat' dir='ltr'>scriptum</span> <span class='ocrx_word' id='word_1_57' title='bbox 874 1097 958 1161; x_wconf 88' lang='lat' dir='ltr'>aliud</span> <span class='ocrx_word' id='word_1_58' title='bbox 991 1097 1058 1161; x_wconf 90' lang='lat' dir='ltr'>siue</span> <span class='ocrx_word' id='word_1_59' title='bbox 1080 1097 1250 1181; x_wconf 74' lang='lat' dir='ltr'>Augustini</span> <span class='ocrx_word' id='word_1_60' title='bbox 1272 1099 1340 1163; x_wconf 89' lang='grc'><em>3133</em></span> 
     </span>
     <span class='ocr_line' id='line_1_9' title="bbox 213 1193 1340 1279; baseline 0.002 -13"><span class='ocrx_word' id='word_1_61' title='bbox 213 1201 383 1266; x_wconf 85' lang='grc'><em>3313311333</em></span> <span class='ocrx_word' id='word_1_62' title='bbox 404 1202 540 1265; x_wconf 87' lang='grc'><em>33333313</em></span> <span class='ocrx_word' id='word_1_63' title='bbox 564 1204 673 1279; x_wconf 83' lang='lat' dir='ltr'>exstat,</span> <span class='ocrx_word' id='word_1_64' title='bbox 699 1201 788 1266; x_wconf 89' lang='lat' dir='ltr'>cuius</span> <span class='ocrx_word' id='word_1_65' title='bbox 811 1203 961 1266; x_wconf 85' lang='lat' dir='ltr'>memoria</span> <span class='ocrx_word' id='word_1_66' title='bbox 983 1202 1060 1267; x_wconf 91' lang='lat' dir='ltr'>adeo</span> <span class='ocrx_word' id='word_1_67' title='bbox 1083 1202 1192 1268; x_wconf 83' lang='lat' dir='ltr'>ueniet.</span> <span class='ocrx_word' id='word_1_68' title='bbox 1217 1193 1340 1268; x_wconf 90' lang='lat' dir='ltr'>codices</span> 
     </span>
     <span class='ocr_line' id='line_1_10' title="bbox 213 1306 1371 1392; baseline 0.002 -20"><span class='ocrx_word' id='word_1_69' title='bbox 213 1309 295 1372; x_wconf 91' lang='lat' dir='ltr'>enim</span> <span class='ocrx_word' id='word_1_70' title='bbox 312 1308 522 1372; x_wconf 88' lang='lat' dir='ltr'>uetustissimi</span> <span class='ocrx_word' id='word_1_71' title='bbox 542 1306 821 1373; x_wconf 78' lang='lat' dir='ltr'>Commonitorium</span> <span class='ocrx_word' id='word_1_72' title='bbox 838 1309 939 1373; x_wconf 88' lang='lat' dir='ltr'>multo</span> <span class='ocrx_word' id='word_1_73' title='bbox 953 1309 1081 1374; x_wconf 88' lang='lat' dir='ltr'>breuius</span> <span class='ocrx_word' id='word_1_74' title='bbox 1100 1309 1233 1374; x_wconf 87' lang='lat' dir='ltr'>offerunt</span> <span class='ocrx_word' id='word_1_75' title='bbox 1248 1329 1341 1392; x_wconf 87' lang='lat' dir='ltr'>quam</span> <span class='ocrx_word' id='word_1_76' title='bbox 1366 1370 1371 1391; x_wconf 67' lang='grc'><em>,</em></span> 
     </span>
     <span class='ocr_line' id='line_1_11' title="bbox 211 1415 1341 1498; baseline 0 -19"><span class='ocrx_word' id='word_1_77' title='bbox 211 1415 283 1479; x_wconf 89' lang='lat' dir='ltr'>libri</span> <span class='ocrx_word' id='word_1_78' title='bbox 317 1415 515 1492; x_wconf 85' lang='lat' dir='ltr'>recentiores,</span> <span class='ocrx_word' id='word_1_79' title='bbox 554 1418 628 1479; x_wconf 88' lang='lat' dir='ltr'>sunt</span> <span class='ocrx_word' id='word_1_80' title='bbox 664 1415 823 1498; x_wconf 71' lang='grc'><em>3113331</em></span> <span class='ocrx_word' id='word_1_81' title='bbox 854 1416 937 1480; x_wconf 86' lang='lat' dir='ltr'>solas</span> <span class='ocrx_word' id='word_1_82' title='bbox 973 1416 1080 1480; x_wconf 92' lang='lat' dir='ltr'>theses</span> <span class='ocrx_word' id='word_1_83' title='bbox 1113 1415 1179 1480; x_wconf 89' lang='grc'><em>3133</em></span> <span class='ocrx_word' id='word_1_84' title='bbox 1216 1416 1341 1494; x_wconf 89' lang='lat' dir='ltr'>nomine</span> 
     </span>
     <span class='ocr_line' id='line_1_12' title="bbox 117 1521 1341 1604; baseline -0.001 -16"><span class='ocrx_word' id='word_1_85' title='bbox 117 1591 119 1593; x_wconf 74' lang='lat'>.</span> <span class='ocrx_word' id='word_1_86' title='bbox 213 1521 385 1600; x_wconf 81' lang='lat' dir='ltr'>exhibeant,</span> <span class='ocrx_word' id='word_1_87' title='bbox 419 1522 481 1599; x_wconf 92' lang='lat' dir='ltr'>alii,</span> <span class='ocrx_word' id='word_1_88' title='bbox 515 1522 568 1604; x_wconf 90' lang='lat' dir='ltr'><em>qui</em></span> <span class='ocrx_word' id='word_1_89' title='bbox 600 1521 732 1586; x_wconf 85' lang='lat' dir='ltr'>formam</span> <span class='ocrx_word' id='word_1_90' title='bbox 763 1521 887 1585; x_wconf 89' lang='lat' dir='ltr'>finalem</span> <span class='ocrx_word' id='word_1_91' title='bbox 926 1521 1103 1604; x_wconf 85' lang='lat' dir='ltr'>praebeant.</span> <span class='ocrx_word' id='word_1_92' title='bbox 1145 1541 1239 1604; x_wconf 89' lang='lat' dir='ltr'>quam</span> <span class='ocrx_word' id='word_1_93' title='bbox 1274 1543 1341 1587; x_wconf 90' lang='lat' dir='ltr'><em>rem</em></span> 
     </span>
     <span class='ocr_line' id='line_1_13' title="bbox 212 1627 1341 1710; baseline 0.001 -17"><span class='ocrx_word' id='word_1_94' title='bbox 212 1628 302 1694; x_wconf 85' lang='lat' dir='ltr'>aliter</span> <span class='ocrx_word' id='word_1_95' title='bbox 333 1628 478 1710; x_wconf 83' lang='lat' dir='ltr'>explicari</span> <span class='ocrx_word' id='word_1_96' title='bbox 509 1646 601 1710; x_wconf 91' lang='lat' dir='ltr'>posse</span> <span class='ocrx_word' id='word_1_97' title='bbox 633 1647 694 1691; x_wconf 92' lang='lat' dir='ltr'><em>non</em></span> <span class='ocrx_word' id='word_1_98' title='bbox 730 1628 839 1704; x_wconf 87' lang='lat' dir='ltr'>uideri,</span> <span class='ocrx_word' id='word_1_99' title='bbox 876 1628 937 1692; x_wconf 91' lang='lat' dir='ltr'>nisi</span> <span class='ocrx_word' id='word_1_100' title='bbox 973 1627 1142 1710; x_wconf 89' lang='lat' dir='ltr'>suspiceris</span> <span class='ocrx_word' id='word_1_101' title='bbox 1179 1630 1341 1695; x_wconf 75' lang='lat' dir='ltr'>fulserim</span> 
     </span>
     <span class='ocr_line' id='line_1_14' title="bbox 199 1732 1340 1818; baseline 0.002 -20"><span class='ocrx_word' id='word_1_102' title='bbox 199 1733 368 1816; x_wconf 90' lang='lat' dir='ltr'>quendam</span> <span class='ocrx_word' id='word_1_103' title='bbox 383 1733 507 1817; x_wconf 87' lang='lat' dir='ltr'>singula</span> <span class='ocrx_word' id='word_1_104' title='bbox 519 1733 663 1797; x_wconf 82' lang='grc'><em>13333313</em></span> <span class='ocrx_word' id='word_1_105' title='bbox 678 1732 849 1817; x_wconf 77' lang='lat' dir='ltr'>Augustini</span> <span class='ocrx_word' id='word_1_106' title='bbox 863 1734 988 1816; x_wconf 89' lang='lat' dir='ltr'>scriptis</span> <span class='ocrx_word' id='word_1_107' title='bbox 999 1732 1150 1816; x_wconf 85' lang='lat' dir='ltr'>dissipata</span> <span class='ocrx_word' id='word_1_108' title='bbox 1164 1735 1340 1818; x_wconf 85' lang='lat' dir='ltr'>collegisse,</span> 
     </span>
     <span class='ocr_line' id='line_1_15' title="bbox 212 1839 1340 1924; baseline 0.004 -20"><span class='ocrx_word' id='word_1_109' title='bbox 212 1840 445 1924; x_wconf 88' lang='lat' dir='ltr'>conglutinasse</span> <span class='ocrx_word' id='word_1_110' title='bbox 459 1842 552 1921; x_wconf 88' lang='grc'><em>33333</em></span> <span class='ocrx_word' id='word_1_111' title='bbox 573 1839 735 1904; x_wconf 90' lang='lat' dir='ltr'>reuerendi</span> <span class='ocrx_word' id='word_1_112' title='bbox 752 1839 888 1904; x_wconf 92' lang='lat' dir='ltr'>nominis</span> <span class='ocrx_word' id='word_1_113' title='bbox 902 1842 1061 1905; x_wconf 82' lang='lat' dir='ltr'>auctorem</span> <span class='ocrx_word' id='word_1_114' title='bbox 1073 1841 1242 1905; x_wconf 90' lang='lat' dir='ltr'>mentitum</span> <span class='ocrx_word' id='word_1_115' title='bbox 1261 1861 1340 1910; x_wconf 90' lang='lat' dir='ltr'>esse.</span> 
     </span>
     <span class='ocr_line' id='line_1_16' title="bbox 211 1945 1342 2028; baseline 0.002 -17"><span class='ocrx_word' id='word_1_116' title='bbox 211 1947 285 2011; x_wconf 91' lang='lat' dir='ltr'>huic</span> <span class='ocrx_word' id='word_1_117' title='bbox 307 1947 453 2011; x_wconf 88' lang='grc'><em>333133331</em></span> <span class='ocrx_word' id='word_1_118' title='bbox 476 1945 620 2028; x_wconf 90' lang='lat' dir='ltr'>equidem</span> <span class='ocrx_word' id='word_1_119' title='bbox 647 1966 706 2011; x_wconf 91' lang='lat' dir='ltr'><em>non</em></span> <span class='ocrx_word' id='word_1_120' title='bbox 734 1947 859 2009; x_wconf 90' lang='lat' dir='ltr'>tantum</span> <span class='ocrx_word' id='word_1_121' title='bbox 881 1946 1001 2022; x_wconf 90' lang='lat' dir='ltr'>tribuo;</span> <span class='ocrx_word' id='word_1_122' title='bbox 1030 1946 1086 2011; x_wconf 93' lang='lat' dir='ltr'><em>sed</em></span> <span class='ocrx_word' id='word_1_123' title='bbox 1114 1965 1185 2011; x_wconf 90' lang='lat' dir='ltr'><em>cum</em></span> <span class='ocrx_word' id='word_1_124' title='bbox 1208 1966 1258 2012; x_wconf 88' lang='lat' dir='ltr'><em>res</em></span> <span class='ocrx_word' id='word_1_125' title='bbox 1281 1968 1342 2014; x_wconf 93' lang='lat' dir='ltr'><em>non</em></span> 
     </span>
     <span class='ocr_line' id='line_1_17' title="bbox 213 2051 1342 2134; baseline 0.003 -18"><span class='ocrx_word' id='word_1_126' title='bbox 213 2055 263 2116; x_wconf 90' lang='grc'><em>333</em></span> <span class='ocrx_word' id='word_1_127' title='bbox 263 2071 297 2116; x_wconf 89' lang='grc'><em>33</em></span> <span class='ocrx_word' id='word_1_128' title='bbox 319 2072 444 2117; x_wconf 89' lang='lat' dir='ltr'>ornnem</span> <span class='ocrx_word' id='word_1_129' title='bbox 467 2052 590 2118; x_wconf 91' lang='lat' dir='ltr'>dubitat</span> <span class='ocrx_word' id='word_1_130' title='bbox 558 2052 670 2117; x_wconf 92' lang='lat' dir='ltr'>aionis</span> <span class='ocrx_word' id='word_1_131' title='bbox 694 2053 795 2115; x_wconf 85' lang='lat' dir='ltr'>aleam</span> <span class='ocrx_word' id='word_1_132' title='bbox 825 2052 929 2134; x_wconf 86' lang='lat' dir='ltr'>posita</span> <span class='ocrx_word' id='word_1_133' title='bbox 961 2051 1012 2130; x_wconf 88' lang='lat' dir='ltr'>sit,</span> <span class='ocrx_word' id='word_1_134' title='bbox 1046 2055 1095 2117; x_wconf 88' lang='grc'><em>333</em></span> <span class='ocrx_word' id='word_1_135' title='bbox 1095 2053 1145 2117; x_wconf 91' lang='grc'><em>133</em></span> <span class='ocrx_word' id='word_1_136' title='bbox 1178 2053 1250 2118; x_wconf 87' lang='grc'><em>(1331</em></span> <span class='ocrx_word' id='word_1_137' title='bbox 1273 2073 1342 2119; x_wconf 86' lang='lat' dir='ltr'>eam</span> 
     </span>
     <span class='ocr_line' id='line_1_18' title="bbox 210 2137 1340 2243; baseline 0.004 -21"><span class='ocrx_word' id='word_1_138' title='bbox 210 2157 243 2222; x_wconf 91' lang='grc'><em>13</em></span> <span class='ocrx_word' id='word_1_139' title='bbox 275 2137 378 2223; x_wconf 89' lang='lat' dir='ltr'>medio</span> <span class='ocrx_word' id='word_1_140' title='bbox 408 2158 593 2240; x_wconf 84' lang='lat' dir='ltr'>relinquere,</span> <span class='ocrx_word' id='word_1_141' title='bbox 626 2161 663 2222; x_wconf 91' lang='lat' dir='ltr'>nt</span> <span class='ocrx_word' id='word_1_142' title='bbox 649 2158 873 2224; x_wconf 79' lang='lat' dir='ltr'>tOommonit</span> <span class='ocrx_word' id='word_1_143' title='bbox 874 2158 974 2223; x_wconf 91' lang='lat' dir='ltr'>orium</span> <span class='ocrx_word' id='word_1_144' title='bbox 1006 2157 1132 2224; x_wconf 78' lang='lat' dir='ltr'>durabo</span> <span class='ocrx_word' id='word_1_145' title='bbox 1163 2157 1340 2243; x_wconf 83' lang='lat' dir='ltr'>Augustino</span> 
     </span>
     <span class='ocr_line' id='line_1_19' title="bbox 213 2263 1341 2348; baseline 0.001 -19.013"><span class='ocrx_word' id='word_1_146' title='bbox 213 2264 349 2331; x_wconf 83' lang='grc'><em>33133333</em></span> <span class='ocrx_word' id='word_1_147' title='bbox 371 2284 503 2332; x_wconf 89' lang='lat' dir='ltr'>uererer.</span> <span class='ocrx_word' id='word_1_148' title='bbox 527 2265 629 2330; x_wconf 88' lang='lat' dir='ltr'>fusius</span> <span class='ocrx_word' id='word_1_149' title='bbox 654 2265 691 2329; x_wconf 90' lang='lat' dir='ltr'>de</span> <span class='ocrx_word' id='word_1_150' title='bbox 714 2264 764 2329; x_wconf 89' lang='lat' dir='ltr'><em>his</em></span> <span class='ocrx_word' id='word_1_151' title='bbox 784 2264 905 2331; x_wconf 88' lang='lat' dir='ltr'>duobus</span> <span class='ocrx_word' id='word_1_152' title='bbox 929 2263 1053 2345; x_wconf 87' lang='lat' dir='ltr'>scriptis</span> <span class='ocrx_word' id='word_1_153' title='bbox 1074 2281 1153 2344; x_wconf 90' lang='lat' dir='ltr'>quae</span> <span class='ocrx_word' id='word_1_154' title='bbox 1171 2263 1341 2348; x_wconf 84' lang='lat' dir='ltr'>Augustini</span> 
     </span>
     <span class='ocr_line' id='line_1_20' title="bbox 214 2370 912 2453; baseline 0.001 -19"><span class='ocrx_word' id='word_1_155' title='bbox 214 2371 338 2436; x_wconf 91' lang='lat' dir='ltr'>nomine</span> <span class='ocrx_word' id='word_1_156' title='bbox 360 2370 501 2436; x_wconf 86' lang='lat' dir='ltr'>ferebant</span> <span class='ocrx_word' id='word_1_157' title='bbox 487 2374 538 2434; x_wconf 92' lang='lat' dir='ltr'><em>tur</em></span> <span class='ocrx_word' id='word_1_158' title='bbox 560 2371 620 2436; x_wconf 92' lang='lat' dir='ltr'>alio</span> <span class='ocrx_word' id='word_1_159' title='bbox 643 2371 713 2435; x_wconf 91' lang='lat' dir='ltr'>loco</span> <span class='ocrx_word' id='word_1_160' title='bbox 737 2370 912 2453; x_wconf 86' lang='lat' dir='ltr'>disputabo.</span> 
     </span>
     <span class='ocr_line' id='line_1_21' title="bbox 144 2425 1341 2562; baseline -0.007 -11"><span class='ocrx_word' id='word_1_161' title='bbox 144 2477 547 2561; x_wconf 78' lang='grc'><em>1333-11113133333333</em></span> <span class='ocrx_word' id='word_1_162' title='bbox 583 2477 652 2541; x_wconf 90' lang='grc'><em>3133</em></span> <span class='ocrx_word' id='word_1_163' title='bbox 683 2477 760 2542; x_wconf 86' lang='lat' dir='ltr'>hace</span> <span class='ocrx_word' id='word_1_164' title='bbox 792 2477 945 2558; x_wconf 84' lang='lat' dir='ltr'>opuscula</span> <span class='ocrx_word' id='word_1_165' title='bbox 981 2476 1084 2540; x_wconf 88' lang='lat' dir='ltr'>omnia</span> <span class='ocrx_word' id='word_1_166' title='bbox 1116 2475 1184 2540; x_wconf 88' lang='lat' dir='ltr'>siue</span> <span class='ocrx_word' id='word_1_167' title='bbox 1217 2425 1341 2562; x_wconf 81' lang='lat' dir='ltr'>singula</span> 
     </span>
     <span class='ocr_line' id='line_1_22' title="bbox 137 2581 1340 2666; baseline 0.006 -25.106"><span class='ocrx_word' id='word_1_168' title='bbox 137 2590 200 2641; x_wconf 80' lang='grc'><em>333</em></span> <span class='ocrx_word' id='word_1_169' title='bbox 216 2584 476 2666; x_wconf 90' lang='lat' dir='ltr'>complectuntur,</span> <span class='ocrx_word' id='word_1_170' title='bbox 500 2583 646 2662; x_wconf 86' lang='lat' dir='ltr'>continuo</span> <span class='ocrx_word' id='word_1_171' title='bbox 671 2581 777 2647; x_wconf 89' lang='lat' dir='ltr'>ordine</span> <span class='ocrx_word' id='word_1_172' title='bbox 798 2600 980 2665; x_wconf 82' lang='lat' dir='ltr'>percensere</span> <span class='ocrx_word' id='word_1_173' title='bbox 1003 2601 1111 2646; x_wconf 93' lang='lat' dir='ltr'>omnes</span> <span class='ocrx_word' id='word_1_174' title='bbox 1134 2582 1173 2647; x_wconf 88' lang='lat' dir='ltr'><em>ab</em></span> <span class='ocrx_word' id='word_1_175' title='bbox 1195 2583 1340 2648; x_wconf 88' lang='lat' dir='ltr'>instituto</span> 
     </span>
     <span class='ocr_line' id='line_1_23' title="bbox 215 2687 1341 2771; baseline 0.001 -20"><span class='ocrx_word' id='word_1_176' title='bbox 215 2691 321 2754; x_wconf 92' lang='lat' dir='ltr'>nostro</span> <span class='ocrx_word' id='word_1_177' title='bbox 360 2689 496 2753; x_wconf 80' lang='lat' dir='ltr'>alienum</span> <span class='ocrx_word' id='word_1_178' title='bbox 529 2691 586 2754; x_wconf 90' lang='grc'><em>333.</em></span> <span class='ocrx_word' id='word_1_179' title='bbox 626 2706 702 2770; x_wconf 88' lang='grc'><em>3333</em></span> <span class='ocrx_word' id='word_1_180' title='bbox 737 2687 792 2770; x_wconf 89' lang='grc'><em>331</em></span> <span class='ocrx_word' id='word_1_181' title='bbox 829 2706 1017 2771; x_wconf 81' lang='lat' dir='ltr'>cognoscere</span> <span class='ocrx_word' id='word_1_182' title='bbox 1049 2688 1151 2752; x_wconf 91' lang='lat' dir='ltr'>uelint</span> <span class='ocrx_word' id='word_1_183' title='bbox 1189 2687 1341 2754; x_wconf 85' lang='lat' dir='ltr'>Schoene-</span> 
     </span>
     <span class='ocr_line' id='line_1_24' title="bbox 214 2794 1341 2876; baseline -0.001 -15"><span class='ocrx_word' id='word_1_184' title='bbox 214 2796 320 2861; x_wconf 90' lang='grc'><em>333331</em></span> <span class='ocrx_word' id='word_1_185' title='bbox 340 2796 456 2860; x_wconf 92' lang='lat' dir='ltr'>librum</span> <span class='ocrx_word' id='word_1_186' title='bbox 476 2795 650 2873; x_wconf 90' lang='lat' dir='ltr'>consulant,</span> <span class='ocrx_word' id='word_1_187' title='bbox 674 2795 728 2876; x_wconf 92' lang='lat' dir='ltr'><em>qui</em></span> <span class='ocrx_word' id='word_1_188' title='bbox 745 2794 940 2858; x_wconf 89' lang='lat' dir='ltr'>inscribitur:</span> <span class='ocrx_word' id='word_1_189' title='bbox 963 2794 1164 2859; x_wconf 75' lang='lat' dir='ltr'>Bibliotheca</span> <span class='ocrx_word' id='word_1_190' title='bbox 1178 2794 1341 2860; x_wconf 89' lang='lat' dir='ltr'>historico·</span> 
     </span>
     <span class='ocr_line' id='line_1_25' title="bbox 214 2899 1339 2983; baseline -0.001 -17"><span class='ocrx_word' id='word_1_191' title='bbox 214 2901 364 2966; x_wconf 84' lang='lat' dir='ltr'>litteraria</span> <span class='ocrx_word' id='word_1_192' title='bbox 394 2902 524 2966; x_wconf 90' lang='lat' dir='ltr'>Patrum</span> <span class='ocrx_word' id='word_1_193' title='bbox 554 2901 734 2980; x_wconf 83' lang='lat' dir='ltr'>Latinorum</span> <span class='ocrx_word' id='word_1_194' title='bbox 766 2899 799 2964; x_wconf 94' lang='grc' dir='ltr'>Π</span> <span class='ocrx_word' id='word_1_195' title='bbox 819 2918 891 2983; x_wconf 87' lang='lat' dir='ltr'>pag.</span> <span class='ocrx_word' id='word_1_196' title='bbox 915 2901 957 2965; x_wconf 85' lang='lat'><em>86</em></span> <span class='ocrx_word' id='word_1_197' title='bbox 990 2918 1057 2981; x_wconf 87' lang='lat' dir='ltr'>sqq.</span> <span class='ocrx_word' id='word_1_198' title='bbox 1090 2899 1214 2983; x_wconf 78' lang='lat' dir='ltr'>Lipsiae</span> <span class='ocrx_word' id='word_1_199' title='bbox 1244 2901 1339 2965; x_wconf 85' lang='lat'>1794.</span> 
     </span>
     <span class='ocr_line' id='line_1_26' title="bbox 214 3005 1364 3089; baseline -0.003 -16"><span class='ocrx_word' id='word_1_200' title='bbox 214 3009 293 3074; x_wconf 88' lang='lat' dir='ltr'>mihi</span> <span class='ocrx_word' id='word_1_201' title='bbox 316 3027 368 3073; x_wconf 90' lang='grc'><em>333</em></span> <span class='ocrx_word' id='word_1_202' title='bbox 390 3008 545 3073; x_wconf 82' lang='grc'><em>1331133333</em></span> <span class='ocrx_word' id='word_1_203' title='bbox 568 3006 714 3083; x_wconf 87' lang='lat' dir='ltr'>sufficiet,</span> <span class='ocrx_word' id='word_1_204' title='bbox 744 3006 858 3089; x_wconf 89' lang='lat' dir='ltr'>quibus</span> <span class='ocrx_word' id='word_1_205' title='bbox 881 3005 1070 3089; x_wconf 86' lang='lat' dir='ltr'>scriptorum</span> <span class='ocrx_word' id='word_1_206' title='bbox 1093 3005 1342 3072; x_wconf 88' lang='lat' dir='ltr'>emendationem</span> <span class='ocrx_word' id='word_1_207' title='bbox 1362 3037 1364 3040; x_wconf 88' lang='grc'><em>·</em></span> 
     </span>
     <span class='ocr_line' id='line_1_27' title="bbox 214 3102 1376 3205; baseline -0.002 -27"><span class='ocrx_word' id='word_1_208' title='bbox 214 3115 340 3198; x_wconf 90' lang='lat' dir='ltr'>longius</span> <span class='ocrx_word' id='word_1_209' title='bbox 371 3115 552 3196; x_wconf 90' lang='lat' dir='ltr'>prouectam</span> <span class='ocrx_word' id='word_1_210' title='bbox 584 3131 653 3178; x_wconf 90' lang='grc'><em>3333</em></span> <span class='ocrx_word' id='word_1_211' title='bbox 684 3111 886 3177; x_wconf 84' lang='lat' dir='ltr'>manifestum</span> <span class='ocrx_word' id='word_1_212' title='bbox 921 3115 980 3177; x_wconf 90' lang='lat' dir='ltr'>est.</span> <span class='ocrx_word' id='word_1_213' title='bbox 1018 3115 1093 3177; x_wconf 90' lang='grc'><em>3333</em></span> <span class='ocrx_word' id='word_1_214' title='bbox 1123 3102 1229 3177; x_wconf 85' lang='lat' dir='ltr'>autem</span> <span class='ocrx_word' id='word_1_215' title='bbox 1262 3112 1340 3176; x_wconf 91' lang='lat' dir='ltr'>duae</span> <span class='ocrx_word' id='word_1_216' title='bbox 1373 3200 1376 3205; x_wconf 11' lang='grc' dir='ltr'><em>Α</em></span> 
     </span>
     <span class='ocr_line' id='line_1_28' title="bbox 214 3212 1342 3304; baseline -0.003 -19"><span class='ocrx_word' id='word_1_217' title='bbox 214 3220 430 3304; x_wconf 88' lang='lat' dir='ltr'>potissimum:</span> <span class='ocrx_word' id='word_1_218' title='bbox 460 3219 554 3285; x_wconf 92' lang='lat' dir='ltr'>editio</span> <span class='ocrx_word' id='word_1_219' title='bbox 577 3219 720 3302; x_wconf 88' lang='lat' dir='ltr'>princeps</span> <span class='ocrx_word' id='word_1_220' title='bbox 746 3236 824 3300; x_wconf 88' lang='lat' dir='ltr'>quae</span> <span class='ocrx_word' id='word_1_221' title='bbox 847 3212 990 3284; x_wconf 78' lang='lat' dir='ltr'>Basileus</span> <span class='ocrx_word' id='word_1_222' title='bbox 1014 3238 1093 3284; x_wconf 88' lang='grc'><em>3333</em></span> <span class='ocrx_word' id='word_1_223' title='bbox 1119 3219 1203 3284; x_wconf 84' lang='grc'><em>1506</em></span> <span class='ocrx_word' id='word_1_224' title='bbox 1225 3217 1342 3302; x_wconf 90' lang='lat' dir='ltr'>prodiit</span> 
     </span>
     <span class='ocr_line' id='line_1_29' title="bbox 216 3323 1342 3409; baseline -0.003 -19"><span class='ocrx_word' id='word_1_225' title='bbox 216 3326 298 3409; x_wconf 86' lang='lat' dir='ltr'>apud</span> <span class='ocrx_word' id='word_1_226' title='bbox 320 3326 365 3392; x_wconf 92' lang='lat' dir='ltr'><em>Io.</em></span> <span class='ocrx_word' id='word_1_227' title='bbox 389 3325 632 3408; x_wconf 84' lang='lat' dir='ltr'>Amerbaohiurn</span> <span class='ocrx_word' id='word_1_228' title='bbox 666 3329 699 3390; x_wconf 90' lang='lat' dir='ltr'><em>et</em></span> <span class='ocrx_word' id='word_1_229' title='bbox 731 3325 828 3390; x_wconf 92' lang='lat' dir='ltr'>editio</span> <span class='ocrx_word' id='word_1_230' title='bbox 857 3325 1082 3390; x_wconf 86' lang='lat' dir='ltr'>Monaohorum</span> <span class='ocrx_word' id='word_1_231' title='bbox 1115 3324 1146 3390; x_wconf 88' lang='lat' dir='ltr'><em>S.</em></span> <span class='ocrx_word' id='word_1_232' title='bbox 1177 3323 1342 3388; x_wconf 87' lang='lat' dir='ltr'>Benedicti</span> 
     </span>
     <span class='ocr_line' id='line_1_30' title="bbox 216 3430 1340 3516; baseline -0.004 -18"><span class='ocrx_word' id='word_1_233' title='bbox 216 3452 233 3498; x_wconf 91' lang='lat' dir='ltr'>e</span> <span class='ocrx_word' id='word_1_234' title='bbox 265 3431 504 3516; x_wconf 85' lang='lat' dir='ltr'>congregatione</span> <span class='ocrx_word' id='word_1_235' title='bbox 536 3431 567 3496; x_wconf 84' lang='lat' dir='ltr'><em>S.</em></span> <span class='ocrx_word' id='word_1_236' title='bbox 598 3432 711 3510; x_wconf 87' lang='lat' dir='ltr'>Mauri,</span> <span class='ocrx_word' id='word_1_237' title='bbox 748 3449 827 3515; x_wconf 91' lang='lat' dir='ltr'>quae</span> <span class='ocrx_word' id='word_1_238' title='bbox 857 3430 986 3497; x_wconf 84' lang='lat' dir='ltr'>Parisiis</span> <span class='ocrx_word' id='word_1_239' title='bbox 1022 3430 1104 3514; x_wconf 86' lang='lat' dir='ltr'>apud</span> <span class='ocrx_word' id='word_1_240' title='bbox 1138 3431 1340 3496; x_wconf 78' lang='lat' dir='ltr'>Franciscum</span> 
     </span>
     <span class='ocr_line' id='line_1_31' title="bbox 199 3537 1218 3623; baseline -0.002 -21"><span class='ocrx_word' id='word_1_241' title='bbox 199 3540 350 3623; x_wconf 42' lang='lat' dir='ltr'><em>xMuguet</em></span> <span class='ocrx_word' id='word_1_242' title='bbox 372 3556 399 3602; x_wconf 91' lang='grc'><em>3.</em></span> <span class='ocrx_word' id='word_1_243' title='bbox 425 3539 510 3603; x_wconf 84' lang='grc'><em>1680</em></span> <span class='ocrx_word' id='word_1_244' title='bbox 534 3557 600 3620; x_wconf 90' lang='grc'><em>333.</em></span> <span class='ocrx_word' id='word_1_245' title='bbox 624 3539 729 3603; x_wconf 89' lang='lat' dir='ltr'>lucem</span> <span class='ocrx_word' id='word_1_246' title='bbox 752 3537 880 3621; x_wconf 83' lang='lat' dir='ltr'>aspexit.</span> <span class='ocrx_word' id='word_1_247' title='bbox 1216 3558 1218 3563; x_wconf 92' lang='lat'><em>·</em></span> 
     </span>
     <span class='ocr_line' id='line_1_32' title="bbox 258 3640 1340 3726; baseline -0.003 -17"><span class='ocrx_word' id='word_1_248' title='bbox 258 3644 362 3726; x_wconf 82' lang='lat' dir='ltr'>Atque</span> <span class='ocrx_word' id='word_1_249' title='bbox 392 3645 546 3709; x_wconf 92' lang='lat' dir='ltr'>Iohannes</span> <span class='ocrx_word' id='word_1_250' title='bbox 559 3679 561 3682; x_wconf 95' lang='lat'>·</span> <span class='ocrx_word' id='word_1_251' title='bbox 576 3643 802 3709; x_wconf 85' lang='lat' dir='ltr'>Amerbachius</span> <span class='ocrx_word' id='word_1_252' title='bbox 826 3662 913 3722; x_wconf 86' lang='lat' dir='ltr'>,usus</span> <span class='ocrx_word' id='word_1_253' title='bbox 937 3642 1048 3708; x_wconf 24' lang='lat' dir='ltr'>,fuerat</span> <span class='ocrx_word' id='word_1_254' title='bbox 1069 3643 1101 3707; x_wconf 93' lang='grc'><em>13</em></span> <span class='ocrx_word' id='word_1_255' title='bbox 1123 3641 1260 3726; x_wconf 85' lang='lat' dir='ltr'>paranda</span> <span class='ocrx_word' id='word_1_256' title='bbox 1280 3640 1340 3706; x_wconf 87' lang='lat' dir='ltr'>hae</span> 
     </span>
     <span class='ocr_line' id='line_1_33' title="bbox 216 3747 1339 3834; baseline -0.004 -20"><span class='ocrx_word' id='word_1_257' title='bbox 216 3749 352 3815; x_wconf 89' lang='lat' dir='ltr'>editione</span> <span class='ocrx_word' id='word_1_258' title='bbox 385 3763 478 3832; x_wconf 90' lang='lat' dir='ltr'>opera</span> <span class='ocrx_word' id='word_1_259' title='bbox 509 3750 672 3815; x_wconf 89' lang='lat' dir='ltr'>cuiusdam</span> <span class='ocrx_word' id='word_1_260' title='bbox 702 3750 877 3834; x_wconf 64' lang='lat' dir='ltr'>Augustini,</span> <span class='ocrx_word' id='word_1_261' title='bbox 901 3749 1044 3827; x_wconf 89' lang='lat' dir='ltr'>Didonis,</span> <span class='ocrx_word' id='word_1_262' title='bbox 1066 3748 1169 3826; x_wconf 85' lang='lat' dir='ltr'>Frisii,</span> <span class='ocrx_word' id='word_1_263' title='bbox 1196 3747 1339 3812; x_wconf 89' lang='grc' dir='ltr'><em>Β3311333</em></span> 
     </span>
     <span class='ocr_line' id='line_1_34' title="bbox 216 3854 1339 3939; baseline -0.003 -19"><span class='ocrx_word' id='word_1_264' title='bbox 216 3856 300 3938; x_wconf 91' lang='lat' dir='ltr'>apud</span> <span class='ocrx_word' id='word_1_265' title='bbox 331 3855 362 3922; x_wconf 83' lang='lat' dir='ltr'><em>S.</em></span> <span class='ocrx_word' id='word_1_266' title='bbox 394 3856 590 3923; x_wconf 87' lang='lat' dir='ltr'>Leonardum</span> <span class='ocrx_word' id='word_1_267' title='bbox 623 3856 790 3935; x_wconf 81' lang='lat' dir='ltr'>Canonici,</span> <span class='ocrx_word' id='word_1_268' title='bbox 822 3855 875 3939; x_wconf 92' lang='lat' dir='ltr'><em>qui</em></span> <span class='ocrx_word' id='word_1_269' title='bbox 905 3855 962 3921; x_wconf 93' lang='lat' dir='ltr'>illo</span> <span class='ocrx_word' id='word_1_270' title='bbox 994 3856 1142 3937; x_wconf 87' lang='lat' dir='ltr'>sumptus</span> <span class='ocrx_word' id='word_1_271' title='bbox 1173 3854 1339 3937; x_wconf 86' lang='lat' dir='ltr'>praebente</span> 
     </span>
     <span class='ocr_line' id='line_1_35' title="bbox 214 3961 1340 4044; baseline -0.004 -19"><span class='ocrx_word' id='word_1_272' title='bbox 214 3962 335 4037; x_wconf 87' lang='lat' dir='ltr'>Italiac,</span> <span class='ocrx_word' id='word_1_273' title='bbox 358 3961 479 4028; x_wconf 79' lang='lat' dir='ltr'>Galliae</span> <span class='ocrx_word' id='word_1_274' title='bbox 502 3965 534 4027; x_wconf 90' lang='lat' dir='ltr'><em>et</em></span> <span class='ocrx_word' id='word_1_275' title='bbox 555 3961 739 4028; x_wconf 79' lang='lat' dir='ltr'>Germaniae</span> <span class='ocrx_word' id='word_1_276' title='bbox 757 3961 968 4027; x_wconf 90' lang='lat' dir='ltr'>Bibliotheoas</span> <span class='ocrx_word' id='word_1_277' title='bbox 986 3963 1200 4044; x_wconf 85' lang='lat' dir='ltr'>perscrutatus</span> <span class='ocrx_word' id='word_1_278' title='bbox 1220 3961 1285 4023; x_wconf 91' lang='lat' dir='ltr'>erat</span> <span class='ocrx_word' id='word_1_279' title='bbox 1308 3961 1340 4023; x_wconf 92' lang='grc'><em>33</em></span> 
     </span>
     <span class='ocr_line' id='line_1_36' title="bbox 215 4064 1339 4159; baseline -0.005 -28"><span class='ocrx_word' id='word_1_280' title='bbox 215 4068 294 4159; x_wconf 88' lang='lat' dir='ltr'>ipse,</span> <span class='ocrx_word' id='word_1_281' title='bbox 312 4069 340 4133; x_wconf 92' lang='lat' dir='ltr'><em>si</em></span> <span class='ocrx_word' id='word_1_282' title='bbox 357 4086 413 4151; x_wconf 90' lang='lat' dir='ltr'><em>per</em></span> <span class='ocrx_word' id='word_1_283' title='bbox 428 4067 493 4132; x_wconf 87' lang='lat' dir='ltr'>fata</span> <span class='ocrx_word' id='word_1_284' title='bbox 509 4068 661 4145; x_wconf 90' lang='lat' dir='ltr'>licuisset,</span> <span class='ocrx_word' id='word_1_285' title='bbox 681 4067 826 4150; x_wconf 91' lang='lat' dir='ltr'>operibus</span> <span class='ocrx_word' id='word_1_286' title='bbox 843 4066 981 4148; x_wconf 87' lang='lat' dir='ltr'>undique</span> <span class='ocrx_word' id='word_1_287' title='bbox 995 4064 1197 4148; x_wconf 82' lang='lat' dir='ltr'>comportatis</span> <span class='ocrx_word' id='word_1_288' title='bbox 1211 4082 1339 4127; x_wconf 89' lang='lat' dir='ltr'>manum</span> 
     </span>
     <span class='ocr_line' id='line_1_37' title="bbox 217 4168 1339 4255; baseline -0.004 -19"><span class='ocrx_word' id='word_1_289' title='bbox 217 4172 401 4238; x_wconf 87' lang='lat' dir='ltr'>admotums</span> <span class='ocrx_word' id='word_1_290' title='bbox 423 4172 545 4238; x_wconf 89' lang='lat' dir='ltr'>fuisset&#39;</span> <span class='ocrx_word' id='word_1_291' title='bbox 569 4171 637 4239; x_wconf 71' lang='lat' dir='ltr'>(iar.</span> <span class='ocrx_word' id='word_1_292' title='bbox 661 4172 814 4255; x_wconf 80' lang='lat' dir='ltr'>Traugott</span> <span class='ocrx_word' id='word_1_293' title='bbox 836 4170 967 4237; x_wconf 78' lang='lat' dir='ltr'>Gottlob</span> <span class='ocrx_word' id='word_1_294' title='bbox 1000 4170 1234 4252; x_wconf 86' lang='lat' dir='ltr'>Schoenemann</span> <span class='ocrx_word' id='word_1_295' title='bbox 1255 4168 1339 4232; x_wconf 91' lang='lat' dir='ltr'>Bibl.</span> 
     </span>
    </p>
   </div>
   <div class='ocr_carea' id='block_1_3' title="bbox 0 0 1474 4628">
    <p class='ocr_par' dir='ltr' id='par_1_3' title="bbox 0 0 1474 4628">
     <span class='ocr_line' id='line_1_38' title="bbox 0 0 1474 4628; baseline 0 0"><span class='ocrx_word' id='word_1_296' title='bbox 0 0 1474 4628; x_wconf 95' lang='lat' dir='ltr'><em> </em></span> 
     </span>
    </p>
   </div>
  </div>
 </body>
</html>
