2940 4628
239 297 304 360 864
573 293 598 346 S.
627 291 771 344 Aureli
797 291 1027 360 Augustini

241 502 310 547 esse
335 483 504 549 confixione
528 484 688 548 clauorum
712 486 744 547 et
764 500 949 566 percussum
973 483 1010 546 de
1028 483 1136 547 lancea
1153 482 1224 565 quis
1242 484 1359 566 negat?

239 591 295 655 sed
319 591 414 656 etiem
436 591 515 673 ipsa,
544 608 623 672 quae
651 590 773 673 proprie
800 590 838 653 ab
866 588 1011 655 omnibus
1039 590 1195 672 corruptio
1223 588 1359 671 corporis

239 696 363 775 dieitur,
380 697 414 761 id
434 698 482 760 est
504 696 573 779 ipsa
595 696 738 780 putredo,
763 695 790 760 si
813 695 914 759 adhuc
936 694 1032 758 habet
1050 694 1177 777 aliquid,
1197 695 1281 777 quod
1298 694 1360 757 alte

239 805 414 882 consumet,
437 804 555 869 bonum
578 802 746 868 minuendo
766 802 879 867 erescit
896 800 1064 884 corruptio.
1088 800 1172 883 quod
1191 801 1218 866 si
1234 799 1360 884 penitus

239 909 461 993 absumpserit,
486 909 570 974 sicut
592 909 715 974 nullum
736 909 863 986 bouum,
882 907 929 972 ita
945 909 1033 973 nulla
1050 912 1161 972 notura
1178 906 1359 984 remanebit,
1390 923 1404 964 s

238 1014 311 1098 quia
329 1015 393 1079 iam
412 1014 568 1098 corruptio
588 1015 671 1097 quod
694 1016 871 1098 corrumpat
892 1033 953 1079 non
976 1014 1044 1080 erit.
1069 1016 1101 1078 et
1121 1012 1192 1078 ideo
1214 1031 1271 1078 nec
1292 1011 1363 1095 ipsa

240 1121 373 1204 putredo
398 1122 466 1200 erit,
492 1121 565 1203 quia
584 1121 641 1186 ubi
664 1120 707 1189 sit
731 1120 855 1186 omnino
879 1139 940 1185 non
964 1119 1031 1184 erit.

284 1229 335 1291 21.
368 1227 442 1293 ideo
466 1227 581 1311 quippe
605 1231 637 1292 et
658 1246 755 1310 parua
782 1229 875 1309 atquc
904 1228 1015 1311 exigua
1041 1227 1104 1290 iem
1132 1225 1289 1292 communi
1316 1225 1361 1289 lc-

237 1332 365 1415 quendi⁴
389 1352 451 1397 usu
486 1332 612 1398 modica
649 1332 813 1410 dicuntur,
852 1332 926 1415 quie
960 1331 1075 1397 modus
1105 1331 1137 1395 in
1169 1331 1215 1397 eis
1247 1331 1361 1414 aliquis

236 1438 364 1518 restitit,
398 1439 465 1503 sine
498 1458 558 1521 quo
585 1438 649 1502 iam
676 1458 738 1503 non
765 1438 898 1518 modica,
927 1438 983 1503 sed
1010 1437 1134 1504 omnino
1163 1438 1250 1502 nulla
1277 1439 1361 1502 sunt.
1377 1453 1404 1492 ιο

237 1543 294 1608 illa
321 1547 438 1622 autem,
472 1563 551 1627 quae
581 1548 708 1628 propter
738 1544 871 1609 nimium
901 1563 1101 1628 progressum
1133 1543 1280 1608 dicuntur
1304 1542 1361 1607 im-

237 1648 373 1726 modica,
397 1648 467 1732 ipsa
488 1650 651 1716 nimietate
674 1653 857 1736 culpantur;
886 1650 942 1716 sed
963 1654 1070 1715 tamen
1094 1650 1189 1715 etiam
1210 1651 1281 1733 ipsa
1302 1650 1361 1715 snb

236 1755 315 1833 deo,
330 1756 403 1837 quia
427 1756 531 1820 omnia
552 1757 584 1822 in
607 1776 754 1823 mensura
776 1760 808 1821 et
825 1776 958 1823 numero
981 1759 1014 1820 et
1035 1755 1361 1841 pondere'disposuit,

237 1880 366 1927 necesse
390 1864 449 1940 est,
472 1864 510 1926 ut
530 1862 624 1929 modo
648 1863 752 1946 aliquo
776 1862 988 1929 cohibeantur.

209 2000 211 2004 Α
283 1969 335 2032 22.
367 1968 453 2032 Deus
478 1971 582 2033 autem
605 1987 663 2034 nec
684 1969 814 2034 modum
837 1969 948 2032 habere
972 1967 1122 2033 dicendus
1146 1970 1205 2045 est,
1227 1987 1266 2032 ne
1289 1967 1360 2032 finis
1382 1979 1409 2024 1⁶

237 2072 305 2137 eius
337 2072 401 2138 dici
431 2076 569 2155 putetur.
602 2092 659 2139 nec
685 2073 757 2139 ideo
784 2076 888 2138 tamen
916 2073 1141 2139 immoderatus
1154 2061 1156 2063 ’
1169 2075 1227 2150 est,
1255 2092 1274 2137 a
1301 2092 1361 2156 quo

238 2176 353 2242 modus
377 2177 522 2242 omnibus
543 2178 638 2242 rebus
661 2177 819 2256 tribuitur,
842 2181 880 2242 ut
901 2178 1005 2260 aliquo
1029 2179 1122 2243 modo
1142 2197 1211 2244 esse
1229 2178 1362 2262 possint.

238 2300 298 2347 nec
319 2301 444 2347 nusum
468 2282 663 2348 moderatum
691 2285 815 2366 oportet
842 2282 904 2347 dici
931 2283 1034 2360 deum,
1061 2286 1222 2366 tamquam
1245 2285 1283 2348 ab
1308 2283 1362 2347 aii-

238 2406 300 2469 quo
315 2387 444 2452 modum
460 2388 624 2472 acceperit.
644 2389 672 2453 si
685 2400 791 2453 autem
806 2389 946 2453 dicamus
961 2408 1033 2453 eum
1047 2408 1207 2453 summum
1221 2389 1362 2468 modum,

236 2492 317 2558 forte
336 2493 455 2576 aliquid
473 2494 618 2571 dicimus,
639 2495 666 2559 si
688 2497 792 2559 tamen
815 2495 847 2558 in
870 2513 917 2573 ee,
941 2494 1024 2577 quod
1047 2494 1181 2560 dicimus
1204 2511 1363 2561 summum
1376 2509 1406 2550 ιο

117 2628 140 2646 ν
235 2599 376 2675 modum,
405 2600 627 2684 intellegamus
655 2620 814 2665 summum
841 2600 968 2667 bonum.
1002 2601 1103 2665 omnis
1131 2601 1214 2665 enim
1235 2600 1360 2680 modus,

235 2704 267 2767 irr
301 2707 452 2785 quantum
483 2705 595 2771 modus
624 2708 682 2784 est,
712 2706 813 2770 bonus
843 2707 909 2771 cst:
942 2706 1024 2770 unde
1057 2706 1161 2771 onmia
1190 2707 1361 2786 moderata,

235 2808 391 2886 modesta,
413 2809 594 2874 modificata
616 2810 679 2875 dici
702 2811 768 2876 sine
794 2810 887 2875 laude
914 2830 976 2876 non
1002 2814 1145 2894 possunt,
1173 2830 1362 2894 quemquam

236 2913 295 2976 sub
312 2913 373 2977 alio
388 2913 554 2979 intellectu
567 2916 697 2981 modum
714 2935 770 3000 pro
788 2916 849 2980 fine
866 2935 1020 3000 ponamus
1040 2922 1072 2980 et
1089 2917 1214 2981 nullum
1232 2918 1372 2982 modum.

235 3016 389 3100 dicamus,
412 3021 468 3088 ubi
490 3022 596 3088 nulius
621 3025 670 3088 est
691 3023 780 3088 finis:
808 3023 892 3105 quod
913 3007 1079 3106 aliquando
1104 3042 1174 3088 cum
1198 3023 1292 3089 laude
1312 3023 1360 3087 di-
1376 3018 1424 3078 ss'

237 3125 328 3205 citur,
363 3128 446 3193 sicut
477 3128 597 3194 dictum
629 3132 694 3195 est:
733 3132 769 3193 et
799 3129 905 3213 regni
937 3129 1017 3194 eius
1050 3149 1120 3195 non
1153 3130 1226 3194 erit
1259 3129 1360 3194 finis·
1455 3183 1457 3186 Α

322 3385 356 3440 13
374 3384 407 3442 ci.
428 3387 488 3456 Sep.
509 3387 550 3452 11,
569 3388 601 3440 21
656 3388 690 3441 26
708 3386 772 3441 Luc.
792 3390 815 3452 1,
834 3387 868 3441 33

272 3555 454 3623 lpercussum
467 3554 505 3607 P¹
575 3552 608 3607 de
622 3570 672 3609 oro.
685 3554 713 3606 A
749 3555 899 3626 2proprise
912 3555 950 3610 P¹
1020 3556 1153 3627 omnibus]
1166 3556 1356 3612 hominibusi}
1454 3558 1457 3563 ’

224 3641 368 3710 ‘corruptio
388 3658 438 3696 em.
456 3641 483 3694 L
561 3640 660 3697 3ubet
676 3642 712 3696 Ρ1
814 3643 1026 3715 osbsumpserit
1045 3647 1075 3716 (p
1090 3661 1124 3700 m.
1143 3649 1159 3699 1
1175 3644 1315 3713 superscr.)
1333 3645 1361 3698 P

189 3794 191 3800 Α
236 3726 352 3798 dqued]
372 3744 424 3800 que
441 3729 468 3782 A
527 3730 667 3784 iomnine
686 3746 736 3785 ees.
754 3730 781 3783 A
838 3731 873 3786 10
889 3732 992 3787 resistit
1008 3733 1107 3787 AVLb
1201 3750 1254 3788 non
1270 3732 1360 3787 iamt

227 3815 479 3886 ¹12ipsaetiamb
550 3818 584 3871 13
603 3817 810 3888 ququudA
886 3821 1088 3876 emniaem.A
1170 3822 1359 3875 innumerob

234 3901 380 3973 dispescuit
403 3911 476 3974 (cap.
498 3921 532 3958 m.
555 3908 583 3972 1)
606 3905 634 3959 P
703 3907 737 3960 14
759 3922 882 3972 neocesse
905 3911 978 3978 (sap.
1001 3926 1036 3963 m.
1058 3913 1086 3976 1)
1109 3910 1136 3964 P
1159 3912 1187 3964 et
1207 3925 1315 3964 necesse
1333 3910 1361 3964 A
1415 3917 1417 3920 ’

234 3991 324 4061 aliquo
342 3992 455 4047 modob
543 3994 577 4048 15
594 3992 707 4049 dieendu
725 3995 761 4048 P¹
854 3996 885 4050 16
903 3997 960 4068 nec]
979 4014 1032 4051 non
1051 3999 1126 4052 sstb
1215 4002 1257 4053 est
1275 3997 1362 4053 em.b

235 4079 267 4131 17
286 4080 417 4150 omnibus]
436 4080 520 4135 omnis
537 4081 590 4135 PA
642 4082 769 4138 tribuitur
786 4085 899 4139 rebosb
935 4086 969 4141 18
991 4101 1085 4141 necrur
1102 4095 1133 4142 su
1152 4087 1179 4140 P
1230 4087 1361 4141 rursusb

228 4167 493 4222 morte-modum
506 4185 555 4226 em.
569 4168 595 4223 G
643 4171 678 4224 23
692 4178 798 4242 quaque
811 4173 848 4226 P¹
898 4175 934 4227 24
948 4173 1059 4228 et-nbi
1074 4190 1125 4230 om.
1142 4174 1168 4229 G
