2940 4628
238 217 389 282 XXXHII
680 217 894 272 Praefatio.

236 406 361 490 pantiae
384 409 416 471 et
439 407 685 489 deprauationes,
708 428 786 490 quas
810 413 929 474 exstare
953 411 1110 476 adnotatio
1134 413 1241 478 critica
1259 412 1360 490 docet,

238 513 266 577 si
289 531 446 577 summam
466 532 570 577 rerum
592 516 710 592 teneas,
734 515 889 581 eiusmodi
911 519 996 593 sunt
1018 535 1098 598 quae
1124 537 1179 600 per
1201 520 1362 586 uolumina

239 620 434 684 saeculorum
465 619 562 683 uerba
594 619 754 702 scriptoris
786 621 908 686 trahere
931 640 1037 687 eorum
1060 624 1288 706 comparatione
1311 644 1361 689 co-

237 725 353 803 dicum,
385 742 463 806 quos
495 725 592 791 alinm
624 744 659 790 er
691 726 752 792 alio
785 729 823 791 de
855 727 963 792 eodem
994 727 1080 793 fonte
1110 728 1236 794 fluxisse
1268 730 1360 795 certis

237 831 427 895 testimoniis
459 831 603 910 efficitur,
635 832 738 916 primo
768 835 938 923 conspectu
962 834 1137 899 edocemur.
1161 854 1261 917 neque
1284 836 1306 899 ii
1328 836 1360 900 in

237 937 354 1000 classes
377 935 502 1013 abeunt,
526 937 581 1001 sed
600 937 741 1003 efficiunt
759 956 867 1003 omnes
885 958 1122 1024 unammagna
1139 943 1244 1004 autem
1262 941 1362 1023 gratia.

235 1041 378 1105 habenda
395 1044 445 1106 est
461 1041 614 1122 fortunae,
633 1044 717 1125 quod
736 1044 804 1121 eius
821 1044 972 1110 beneficio
990 1045 1018 1110 is
1036 1046 1236 1125 potissimum
1255 1046 1359 1123 codex,

236 1149 292 1230 qui
314 1148 434 1230 aliquot
454 1149 564 1213 lustris
582 1152 705 1213 tantum
722 1152 796 1232 post
813 1149 984 1235 Augustini
1002 1151 1123 1216 obitum
1142 1144 1282 1216 exaratus
1302 1155 1360 1228 est,

235 1255 322 1319 miris
345 1256 470 1321 casibus
492 1256 774 1322 interuenIentibus
797 1257 836 1321 ad
858 1276 916 1329 nos
937 1258 1088 1342 peruenit.

278 1361 347 1426 Hoc
365 1359 434 1427 loco
453 1362 530 1426 mihi
548 1362 758 1427 non'alienum
771 1363 897 1427 uidetur
914 1363 1061 1428 adnotare
1079 1382 1197 1428 errasse
1211 1383 1292 1440 cum,
1307 1364 1361 1445 qui

234 1468 267 1532 ln
281 1468 464 1534 Woelfflinii
481 1469 639 1534 Thesauro
657 1468 787 1553 ‚linguae
809 1469 923 1534 latinae
946 1472 970 1534 t.
993 1470 1041 1534 III
1064 1472 1105 1535 70
1129 1489 1195 1553 sqq.
1213 1470 1361 1534 infinitiui

235 1594 306 1638 cum
314 1573 598 1657 praepositionibus
608 1573 766 1638 coniuncti
778 1589 874 1640 usum
883 1577 1019 1648 tractans
1034 1577 1129 1654 etiam
1140 1595 1175 1641 er
1185 1575 1359 1660 hochugu-

236 1679 411 1762 stiniopere
422 1698 488 1761 cap.
499 1681 541 1744 40
552 1676 640 1764 (246,
657 1682 687 1744 3.
703 1680 733 1745 4.
751 1681 801 1744 11.
819 1681 859 1745 15
873 1680 968 1746 huius
984 1680 1071 1766 edit.)
1086 1683 1260 1765 exemplum
1274 1700 1360 1765 repe-

234 1787 329 1852 titum
362 1787 474 1866 ‚tendit
504 1787 543 1850 ad
574 1787 652 1852 esse'
685 1787 782 1866 affert,
815 1791 847 1852 et
879 1807 996 1853 errasse
1027 1789 1163 1853 Inuitum
1185 1807 1305 1852 necnon
1329 1789 1360 1850 et

234 1898 336 1975 illum,
360 1894 413 1977 qui
436 1894 465 1958 ei
489 1895 664 1976 exemplum
686 1895 902 1977 suppedItauit
922 1898 1032 1978 petens
1055 1913 1091 1965 er
1115 1893 1253 1960 editione
1271 1894 1360 1957 Mau-

234 2003 310 2067 rina.
333 2019 405 2065 nam
424 1999 549 2064 codices
567 1999 593 2062 P
617 2001 649 2063 et
670 2000 711 2075 H,
730 2001 785 2081 qui
802 2000 858 2064 uni
877 2000 963 2084 digni
980 2002 1055 2064 sunt
1072 1987 1126 2081 qui
1143 1999 1358 2082 respiciantur,

239 2107 349 2188 ‚model
371 2106 442 2170 csse'
466 2104 604 2171 tradunt.
630 2106 714 2186 quod
733 2124 800 2169 eam
821 2106 859 2171 ob
880 2123 1006 2171 oausam
1024 2105 1165 2171 adnotari
1179 2104 1256 2168 utile
1276 2104 1358 2189 duri,

233 2219 271 2280 ut
300 2215 324 2278 ii
353 2213 408 2296 qui
439 2230 531 2295 opera
561 2229 640 2292 quae
672 2214 747 2276 sunt
778 2212 816 2276 de
847 2212 986 2277 moribus
1014 2213 1091 2278 eccl.
1114 2210 1207 2288 cath„
1231 2211 1268 2274 de
1292 2210 1355 2274 diu.

234 2323 353 2403 quaest.
386 2320 425 2384 ad
448 2302 570 2403 Simpl,
594 2338 690 2387 enarr.
714 2320 793 2403 psal.
817 2320 910 2384 edent
931 2319 1110 2397 adtendant,
1132 2311 1209 2383 num
1230 2336 1357 2401 praepo-

234 2427 364 2492 sitiones
386 2427 421 2489 ἐπ
444 2429 476 2490 et
498 2425 541 2489 od
561 2425 626 2490 illis
648 2426 728 2490 locis
752 2423 879 2510 optimis
902 2425 1064 2496 codicibus
1084 2424 1259 2491 offerantur.

452 2677 617 2789 conum
638 2618 837 2790 incendii
858 2723 977 2788 nram
992 2722 1137 2789 nnmn.
1168 2745 1170 2747 .

181 2839 207 2902 L
279 2848 381 2914 Codex
403 2847 666 2932 Lugdunensis
689 2867 817 2914 numero
841 2850 905 2913 526
933 2848 1075 2932 signatus
1102 2846 1355 2911 membranaceus

231 2957 263 3021 in
295 2956 327 3019 4ο
351 2956 476 3021 saeculo
507 2943 584 3018 VIII
615 2957 745 3019 exeunte
775 2955 828 3020 uel
859 2954 952 3019 VIIII
982 2954 1108 3018 ineunte
1140 2953 1281 3017 exaratus
1315 2953 1354 3015 19

232 3060 486 3146 quaternionibus
508 3059 592 3126 foliis
617 3063 679 3126 155
699 3063 830 3127 constat.
849 3061 967 3145 singuli
984 3059 1201 3143 quaterniones
1218 3057 1354 3123 numeris

230 3172 263 3232 in
287 3168 371 3232 calce
392 3166 524 3231 ultimae
547 3167 699 3249 cuiusque
717 3167 848 3252 paginae
866 3167 1018 3251 appositis
1035 3167 1237 3241 numerantur
1254 3181 1354 3245 neque

231 3276 337 3338 tamen
368 3291 476 3337 omnes
508 3274 600 3338 oculo
633 3273 767 3338 discerni
797 3274 932 3358 possunt
954 3275 1010 3338 aut
1031 3274 1162 3337 exstant.
1186 3277 1258 3335 nam
1282 3288 1354 3333 cum

229 3379 309 3443 liber
317 3377 577 3462 compingeretur,
587 3379 712 3458 accidit,
722 3379 913 3446 utfoliorum
922 3379 1078 3462 margines
1091 3377 1353 3460 praesecarentur‚

230 3487 267 3548 ut
298 3502 495 3548 numerorum
516 3484 578 3549 XII
601 3487 634 3549 et
654 3484 729 3550 XVI
758 3485 938 3550 lenissimae
968 3483 1117 3566 reliquiae
1140 3481 1353 3565 dispiciantur,

230 3589 352 3654 numeri
372 3589 437 3654 ΠΗ
458 3589 487 3653 V
509 3589 571 3655 VII
591 3576 684 3654 VIIII
705 3591 735 3655 X
756 3591 802 3655 XI
822 3590 915 3654 XIIII
936 3589 995 3655 XV
1016 3588 1108 3654 XVII
1128 3588 1235 3653 XVIII
1256 3605 1353 3670 paene

229 3695 291 3760 toti
320 3696 434 3760 resecti
465 3695 538 3762 sint.
570 3695 711 3770 eiusdem
740 3696 937 3781 bibliopegae
967 3695 1086 3760 incuria
1106 3695 1139 3759 in
1169 3695 1262 3778 culpa
1282 3692 1352 3770 fuit,

230 3801 313 3882 quod
332 3801 475 3885 singulae
498 3801 733 3867 adnotationum
754 3799 878 3867 litterae
905 3803 938 3866 in
963 3801 1100 3886 margine
1127 3800 1352 3882 adscripturum

230 3905 400 3970 trucidatae
432 3909 506 3971 sunt
537 3926 594 3972 nec
615 3927 677 3974 non
700 3910 732 4000 et
752 3908 806 3974 fol.
841 3907 874 3972 lb
896 3909 1055 3993 signorum
1077 3927 1095 3971 a
1116 3905 1351 3972 bibliothecario

230 4011 366 4093 quodam
390 4032 483 4095 supra
497 4013 734 4097 inscriptionem
751 4033 771 4114 a
787 4033 881 4081 manu
903 4015 1004 4099 prima
1025 4016 1141 4080 factam
1159 4014 1194 4077 ‘L
1213 4013 1255 4076 23
1270 4010 1351 4093 Aug.

230 4111 335 4180 contro
370 4112 531 4182 Faustum’
569 4120 684 4184 summi
720 4120 824 4204 apices
860 4121 1067 4204 deperierunt.
1100 4120 1139 4190 ad
1165 4119 1351 4185 fasciculum
