2940 4628
614 259 827 314 Praefatio.
1113 260 1276 325 LXXXIII

151 457 260 522 multis
292 457 374 522 enim
404 456 483 522 locis
515 455 674 538 scriptoris
705 473 816 519 manus
847 474 907 527 non
929 453 1075 518 restituta
1106 451 1162 517 scd
1185 451 1276 517 oblit

150 567 250 628 tarata
273 566 331 630 est.

194 669 325 734 Prorsus
349 669 441 733 aliam
464 668 549 732 uiam
570 667 704 752 ingressi
728 671 801 732 sunt
823 667 846 730 ii
869 667 922 749 qui
943 665 1096 749 postremi
1117 660 1179 737 una
1202 683 1274 729 cum

149 775 277 857 reliquis
299 775 470 859 Augustini
489 774 634 857 operibus
653 774 729 838 haec
748 792 873 856 quoque
891 773 1105 850 recensebant,
1128 770 1273 840 monachi

149 900 167 945 a
190 881 222 949 S.
245 882 354 946 Mauro
377 882 408 945 in
433 884 543 947 octauo
575 884 662 947 tomo
695 881 748 963 qui
779 880 881 944 editus
914 881 962 944 661
983 877 1112 943 Ρ6116116
1136 896 1162 944 a.
1189 878 1273 942 1680

143 1007 216 1075 sqq.
240 987 293 1070 qui
317 1007 449 1070 quorum
471 988 616 1053 codicum
643 987 703 1051 fide
726 986 787 1051 nisi
811 1005 904 1068 quam
927 985 1078 1050 rationem
1102 984 1274 1050 institerint

149 1112 220 1158 cum
244 1114 279 1159 er
302 1094 341 1159 iis
365 1113 443 1178 quae
468 1094 501 1160 c.
525 1094 610 1159 Vrba
631 1093 662 1157 in
688 1113 723 1159 eo
755 1093 861 1159 libello
895 1092 949 1172 qui
979 1090 1160 1155 inscribitur
1185 1090 1273 1167 ,Bei-

146 1203 234 1284 trtge
249 1221 303 1264 zur
317 1199 506 1266 Gesohiohte
521 1201 574 1265 der
587 1200 854 1284 Augustiniscben
869 1197 1050 1276 Textlrritilr,
1075 1197 1167 1261 Wien
1187 1198 1271 1261 1889

147 1304 446 1391 (Sitzungsberichte
461 1306 515 1371 der
529 1307 558 1370 k.
572 1306 742 1370 Akademie
755 1306 814 1370 Bd.
826 1305 934 1383 cXIX,
949 1302 1025 1390 111)ιι
1044 1310 1076 1367 61
1092 1303 1129 1368 R.
1143 1303 1274 1367 Kukula

146 1411 183 1475 de
202 1431 309 1478 eorum
327 1415 476 1495 apparatu
496 1412 602 1477 critico
616 1412 856 1495 disputauerunt
874 1414 1028 1494 appareat,
1048 1414 1152 1474 tamen
1170 1407 1271 1476 faeere

145 1538 206 1584 non
228 1538 368 1602 possum,
402 1519 475 1601 quin
508 1538 614 1584 eorum
647 1537 735 1583 curas
768 1518 807 1582 ad
839 1519 918 1582 hanc
940 1517 1110 1601 Augustini
1143 1536 1271 1600 operum

45 1628 49 1637 '
144 1617 263 1706 partem
296 1625 486 1708 pertinentes
523 1643 732 1708 percenseam,
771 1643 831 1707 quo
870 1627 1019 1705 quantum
1056 1623 1095 1687 ad
1130 1622 1268 1689 ueterem

144 1733 277 1796 nitorem
299 1731 387 1796 libris
411 1730 603 1795 reddendum
627 1730 815 1794 contulerint
838 1730 952 1794 clarius
975 1729 1188 1812 perspiciatur.

186 1836 289 1925 Atque
311 1837 456 1902 uniuerse
480 1838 647 1902 aestimans
670 1837 760 1901 fateri
783 1856 843 1902 non
866 1854 976 1901 uereor
998 1835 1078 1899 hanc
1101 1835 1269 1901 editionem

143 1961 245 2006 meam
268 1963 328 2008 non
351 1946 474 2007 tantum
498 1943 613 2007 distare
636 1962 654 2006 a
676 1942 879 2008 Benedictina
902 1945 1052 2025 quantum
1080 1943 1207 2008 illorum
1230 1944 1269 2008 ab

142 2048 396 2113 Amerbachiana.
420 2049 506 2130 quod
529 2049 557 2113 ei
578 2049 779 2132 potissimum
809 2049 855 2112 rei
876 2048 1075 2113 tribuendum
1099 2052 1157 2127 est,
1186 2050 1269 2131 quod

142 2153 180 2216 ad
203 2153 328 2237 singula
351 2154 466 2238 scripta
487 2155 723 2219 uetustissimos
747 2154 943 2237 optimosque
966 2155 1149 2236 plerumque
1171 2154 1268 2219 libros

140 2277 235 2322 manu
259 2260 391 2342 scriptos
416 2260 651 2324 subministrare
675 2261 821 2325 scierunt.
851 2260 965 2324 etenim
993 2260 1134 2342 supellex
1161 2259 1268 2324 critica

141 2365 324 2430 multotiens
349 2366 456 2430 eadem
480 2385 559 2448 quae
582 2366 660 2430 mihi
677 2365 890 2431 Benedictinis
908 2368 1031 2448 praesto
1057 2364 1129 2428 11111.
1153 2365 1207 2444 116,
1231 2369 1267 2430 ut

45 2491 48 2495 ·
139 2490 239 2553 pauca
261 2471 397 2551 afferam,
430 2473 468 2536 ad
499 2472 614 2536 librum
646 2472 684 2536 de
706 2473 844 2536 utilitate
867 2471 1012 2537 credendi
1042 2473 1133 2537 etde
1156 2475 1267 2537 natura

129 2577 212 2641 'boni
233 2581 354 2660 praeter
376 2578 454 2642 alios
478 2577 601 2644 codices
618 2578 826 2643 adhibuerunt
844 2576 1062 2644 corbeiensem
1080 2579 1263 2644 nr..13.360

140 2702 165 2747 6.
181 2683 283 2762 VIIII,
308 2684 346 2748 ad
370 2685 557 2766 opusculum
581 2687 688 2749 contra
699 2685 902 2749 Adimantum
917 2683 1134 2749 corbeiensem
1148 2686 1265 2750 iaaac

140 2807 164 2852 s.
193 2789 231 2867 X,
264 2790 303 2853 ad
336 2790 502 2871 epistulam
533 2790 728 2855 fundamenti
760 2790 978 2856 corbeiensem
1011 2789 1264 2872 antiquissimum

138 2897 497 2978 nuncPctropolitanum
513 2915 537 2963 s.
553 2897 680 2974 V-Vl,
697 2897 736 2960 ad
745 2897 896 2962 Faustum
912 2895 1135 2961 Carnutensem
1148 2896 1262 2961 librum

138 3002 341 3066 excellentem
372 3023 417 3067 nr.
447 3004 487 3067 18
512 3003 669 3087 signatum
702 3024 726 3068 6.
750 3005 788 3081 X,
822 3004 860 3067 ad
888 3002 1099 3068 Secundinum
1131 3004 1263 3067 eundem
1394 3058 1397 3066 .

138 3105 361 3173 carnutensem
386 3111 446 3173 101
471 3128 533 3191 quo
556 3110 634 3173 mihi
656 3112 723 3175 solo
745 3110 793 3174 uti
816 3110 919 3186 licuit;
944 3111 982 3174 ad
1004 3110 1127 3191 reliqua
1149 3109 1264 3193 scripta

136 3215 324 3278 recensenda
347 3214 469 3279 codices
492 3217 547 3278 aut
577 3217 671 3298 paulo
702 3216 889 3281 recentiores
921 3219 976 3279 aut
1004 3217 1113 3281 sinon
1137 3216 1261 3281 eosdem

136 3321 240 3383 tamen
264 3320 403 3384 eiusdem
423 3322 534 3386 aetatis
558 3322 588 3386 in
608 3342 701 3387 sunm
720 3342 813 3387 nsum
836 3325 956 3387 uertere
975 3324 1126 3406 poterant.
1151 3322 1260 3405 quodsi

137 3427 285 3507 apparatu
308 3429 372 3489 tam
397 3428 521 3511 egregio
540 3428 685 3493 instructi
702 3433 806 3494 tamen
834 3432 883 3494 tot
900 3447 1015 3493 naeuos
1039 3428 1261 3512 abstergendos

135 3530 339 3612 reliquerunt,
372 3533 456 3612 quod
489 3533 592 3599 minus
625 3554 719 3616 quam
747 3535 900 3600 debebant
932 3534 1092 3600 codicibus
1124 3534 1262 3598 fidebant

136 3654 191 3699 cur
213 3637 245 3700 id
267 3636 334 3702 fieri
356 3639 495 3720 potuerit
516 3640 548 3702 111
568 3642 660 3724 culpa
676 3641 774 3706 fuisse
793 3641 993 3707 manifestum
1013 3644 1070 3706 est.
1095 3660 1155 3705 non
1179 3640 1261 3704 enim

135 3742 174 3805 ad
197 3744 308 3826 optimi
327 3744 478 3826 cuiusque
498 3746 614 3811 codicis
633 3748 729 3811 uerba
742 3749 957 3824 restituerunt,
981 3747 1036 3812 sed
1055 3747 1262 3811 adhibuerunt

135 3847 268 3927 codices,
293 3850 347 3931 qui
370 3851 402 3914 in
424 3855 570 3934 promptu
594 3856 699 3934 6666111
722 3857 753 3918 61
771 3854 860 3937 qnasi
875 3855 913 3918 ad
927 3872 1038 3918 manus
1054 3854 1262 3918 occurrissent

61 3986 63 3991 .
134 3953 201 4017 sine
224 3954 289 4020 ullo
314 3955 447 4034 delectu,
471 3960 508 4020 ut
531 3958 649 4041 optima
666 3978 808 4043 quaeque
826 3960 857 4022 in
878 3960 1045 4025 editionem
1064 3979 1099 4024 er
1118 3959 1163 4024 eis
1183 3959 1259 4023 deri-

134 4060 209 4122 uata
222 4060 398 4124 uideantur.
424 4062 506 4144 quod
522 4082 617 4145 quam
631 4051 702 4130 uere
718 4065 911 4148 disputatum
928 4065 978 4142 sit,
995 4067 1117 4148 aliquot
1129 4065 1209 4130 locis
1224 4084 1259 4129 er

60 4255 64 4264 Ι
134 4165 271 4248 epistula
283 4186 376 4249 quam
386 4172 501 4233 uocant
510 4169 716 4235 Fundamenti
734 4175 765 4236 et
780 4172 889 4252 paucis
903 4171 982 4236 16616
1001 4193 1036 4237 er
1050 4173 1119 4236 aliis
1135 4171 1259 4254 scriptis
