2940 4628
504 292 577 347 VIII.
599 293 649 348 De
676 297 813 349 notura
839 294 930 349 honi
956 295 1018 349 lib.
1249 296 1311 361 877

197 486 332 570 quadam
354 490 443 571 parte
470 505 489 550 a
513 505 628 570 magno
656 488 739 553 malo
765 487 914 554 liberauit
944 491 976 553 et
1006 508 1115 555 rursus
1149 508 1182 554 se
1212 489 1318 572 ipsum

115 584 136 633 J
194 595 227 659 in
251 593 384 677 quadam
406 596 495 676 parte
518 594 689 674 damnauit,
714 614 806 677 quam
823 595 960 660 liberare
988 597 1026 661 ab
1053 596 1147 661 hoste
1176 615 1238 661 non
1265 615 1319 678 po·

194 701 258 765 tuit
281 703 313 765 et
334 703 496 782 tamquam
521 699 559 765 de
580 700 650 784 ipso
673 701 765 767 hoste
792 701 917 767 deuicto
946 703 1075 786 Insuper
1100 701 1317 784 triumphanIt.

138 843 140 847 ·
167 877 169 879 ,
196 826 213 873 o
238 807 404 873 scelestam
428 809 460 872 et
480 806 697 873 incredibilem
720 807 883 872 audaciam
904 809 982 872 talia
1008 808 1046 872 de
1075 807 1133 873 deo
1163 807 1318 885 credendi,
1370 894 1373 898 ‚

165 912 272 977 oralia
293 911 452 995 loquendi,
475 912 552 977 talia
574 913 789 996 praedicandi!
818 914 901 996 quod
924 932 996 979 cum
1019 914 1184 980 defendere
1207 931 1319 980 conan-

194 1022 255 1097 tur,
278 1021 317 1083 nt
337 1019 369 1082 in
391 1019 499 1102 peiora
519 1020 646 1084 inruant
668 1020 785 1085 clausis
808 1021 919 1099 oeulis,
943 1020 1053 1088 dicum
1070 1021 1171 1086 malae
1189 1023 1319 1085 naturae

196 1123 447 1189 commixtionem
478 1123 579 1190 facero
611 1125 683 1201 ista,
716 1127 753 1189 ut
783 1125 865 1190 bona
896 1125 947 1191 dei
977 1129 1088 1191 natura
1117 1127 1206 1190 muta
1236 1125 1319 1189 mda

195 1230 349 1313 patiatur3
373 1249 446 1295 nam
468 1230 570 1314 ipsam
589 1231 672 1313 apud
691 1250 725 1296 se
743 1232 846 1315 ipsam
865 1232 944 1297 nihil
961 1233 1073 1298 horum
1091 1233 1157 1316 pati
1175 1231 1318 1316 potuisse

184 1338 248 1422 ⁴uel
270 1356 374 1419 posse.
399 1337 490 1419 quasi
511 1336 584 1402 inde
605 1338 763 1402 laudanda
781 1339 823 1404 sit
840 1342 952 1404 natura
968 1339 1225 1422 incorruptibilis,
1244 1339 1318 1422 quia

153 1468 178 1507 10
194 1445 265 1526 ipsa
295 1443 357 1508 sibi
388 1463 449 1509 non
477 1445 579 1521 nocet,
608 1446 640 1507 et
667 1463 728 1509 non
757 1445 830 1527 quia
857 1445 886 1511 ei
914 1445 993 1510 nihil
1019 1445 1124 1511 noceri
1151 1445 1317 1527 abaliquo
1407 1478 1410 1485 ·

195 1553 308 1635 potest.
341 1549 452 1614 deinde
480 1549 508 1614 si
534 1551 646 1614 natura
675 1551 873 1615 tenebrarum
905 1551 1014 1617 nocuit
1044 1553 1174 1615 naturae
1204 1550 1255 1616 dei
1287 1553 1319 1615 et

195 1658 305 1720 natura
328 1654 378 1719 dei
400 1655 509 1720 nocuit
529 1657 659 1721 naturae
680 1657 897 1721 tenebrarum:
931 1656 992 1722 duo
1022 1677 1096 1742 ergo
1123 1657 1214 1721 malai
1234 1659 1317 1733 sunt,

196 1780 274 1844 quae
306 1761 368 1827 sihi
397 1762 535 1827 inuicem
566 1765 761 1839 nocuerunt,
792 1766 826 1828 ot
855 1764 983 1829 meliore
1013 1763 1115 1828 animo
1146 1763 1209 1828 fuit
1240 1781 1316 1846 gens
1408 1773 1409 1777 ’

195 1869 403 1946 tenebrarum,
428 1867 501 1950 quia
524 1869 585 1934 etsi
607 1869 725 1945 nocuit,
748 1870 858 1935 nolens
880 1871 1006 1947 nocuit;
1034 1888 1134 1952 neque
1159 1869 1242 1934 enim
1263 1889 1316 1932 no·

154 1995 178 2034 15
196 1993 275 2051 cere,
298 1973 355 2040 sed
375 1974 439 2039 frui
460 1974 566 2040 uoluit
586 1975 669 2041 hono
693 1974 752 2040 dei.
785 1974 862 2041 dous
891 1978 995 2041 autern
1022 1975 1111 2039 illam
1138 1975 1317 2058 extinguere

195 2080 308 2158 uoluit,
337 2080 420 2145 sicut
445 2080 649 2146 Manichacus
678 2081 874 2164 apertissime
900 2082 932 2146 in
960 2081 1096 2164 epistula
1121 2080 1242 2147 ruinosi
1267 2080 1318 2145 sui

195 2185 403 2251 Fundamenti
426 2186 546 2252 delirat.
581 2187 699 2252 oblitus
727 2186 820 2264 enirn,
849 2187 932 2269 quod
959 2188 1054 2270 paulo
1082 2190 1155 2252 ante
1181 2186 1316 2251 dixerat:

200 2292 272 2369 „ita
312 2294 435 2357 autem
477 2292 636 2358 fundata
676 2296 763 2358 sunt
803 2292 969 2358 eiusdem
1009 2291 1317 2376 splendidissima

154 2385 156 2389 ’
196 2416 309 2480 regua
340 2417 452 2480 supra
482 2398 645 2464 lucidam
679 2402 714 2463 ct
744 2399 890 2463 beatam
922 2402 1071 2477 terram,
1098 2401 1141 2463 ut
1167 2416 1185 2461 a
1211 2397 1315 2463 nullo
1355 2457 1357 2461 .

155 2522 364 2586 enumquam
387 2506 455 2569 aut
473 2505 614 2571 moueri
632 2507 697 2569 aut
715 2506 865 2570 concuti
886 2506 1053 2588 possint“
1081 2507 1203 2589 ‚postea
1220 2502 1315 2568 dixit:

195 2610 303 2680 lucis»
328 2629 415 2675 uero
448 2611 824 2694 beatissimaepater
852 2613 974 2678 sciens
1000 2613 1120 2677 labem
1151 2629 1316 2694 magnam

196 2734 236 2781 ac
258 2717 494 2794 uastItatem
525 2736 615 2800 quae
643 2736 683 2781 ex
709 2718 1090 2802 tenebris'surgorot
1120 2716 1316 2782 aduersum

198 2840 264 2886 sua
286 2823 416 2886 saneta
436 2821 655 2905 impendere
679 2823 843 2901 saecula,
871 2822 943 2887 nisi
968 2822 1121 2905 aliquod
1144 2820 1316 2885 extmium
1432 2899 1434 2902 Α

124 2992 127 2997 .
152 2979 153 2984 1
198 2945 237 2994 ac
259 2929 492 3011 praeclarum
517 2931 553 2994 et
574 2929 717 2994 uirtute
739 2931 871 3013 potens
894 2948 1025 2994 numen
1049 2928 1221 3012 obponat,
1246 2945 1314 3008 qno

154 3035 351 3116 essuperet
377 3033 491 3097 simul
519 3051 559 3098 ac
586 3032 758 3098 destruat
785 3032 938 3116 stirpem
965 3034 1215 3109 tenebrarum,
1248 3049 1317 3112 qna

197 3138 362 3203 extincta
383 3141 567 3221 perpetua
588 3138 696 3221 quies
717 3138 817 3204 lucis
843 3139 981 3205 incolis
1007 3141 1210 3222 pararetur.
1243 3155 1315 3202 ecce

193 3244 302 3310 timuit
323 3244 427 3309 lahem
449 3263 485 3309 ac
507 3245 693 3309 uastitatem
714 3244 946 3328 impendentem
969 3245 1105 3312 saeculis
1129 3244 1206 3310 suis.
1234 3246 1317 3309 certe

195 3350 241 3416 sic
263 3352 351 3415 erant
372 3349 503 3415 fundata
524 3369 618 3432 super
639 3350 778 3416 lucidam
800 3353 833 3416 ot
853 3352 978 3416 beatam
995 3354 1119 3431 terram,
1138 3353 1176 3415 ut
1193 3369 1212 3414 a
1229 3349 1316 3414 nullo

231 3564 302 3619 3de
324 3582 352 3620 se
374 3566 433 3636 ipso
453 3564 491 3621 G*
588 3564 665 3620 hoste
683 3566 776 3637 ipsoh
864 3566 1034 3621 daudatiam
1051 3567 1080 3620 P
1136 3569 1194 3621 'ot
1212 3565 1313 3636 taliah

195 3655 359 3709 hconantur
375 3653 472 3720 orani
526 3654 640 3708 droant
659 3653 686 3709 θ
739 3654 772 3710 10
788 3655 857 3710 nihil
880 3655 905 3709 ei
921 3654 1048 3710 PVAGh
1102 3655 1191 3709 noceri
1208 3655 1230 3725 (i
1247 3669 1312 3709 ace

196 3741 338 3809 am.1)P
390 3741 546 3812 llpossitb
616 3743 794 3797 nocuitcm.b
848 3741 1112 3799 laustanicas
1165 3743 1198 3797 16
1213 3741 1315 3813 epistu-

195 3829 222 3883 la
239 3830 277 3884 P¹
328 3831 370 3898 ‚17
390 3828 489 3900 quidh
559 3830 630 3885 tortor
648 3833 710 3885 ante
728 3837 754 3885 ct
771 3829 874 3886 dixerat
890 3837 961 3900 spat.
983 3834 1000 3886 5
1019 3832 1098 3886 lilter.
1115 3846 1177 3886 aec.
1194 3831 1242 3885 rel.
1260 3830 1314 3884 red.

153 3971 156 3975 ,
194 3917 292 3972 racd
351 3918 384 3973 18
403 3915 544 3973 eisdem&
604 3919 637 3972 19
656 3936 671 3972 a
689 3919 774 3974 emh
832 3920 866 3973 22
884 3937 915 3974 ex
932 3935 982 3974 om.
1000 3920 1028 3974 A
1099 3919 1224 3974 aduersus
1242 3918 1315 3973 AVo

196 4005 231 4060 24
252 4008 347 4076 potens
369 4006 459 4061 lumen
483 4009 524 4074 (ns
548 4007 612 4061 add.
634 4024 668 4061 m.
692 4010 729 4075 2,·
753 4007 764 4062 l
785 4008 817 4061 dn
832 4023 888 4063 rec.
911 4008 969 4062 aid.
988 4025 1007 4061 a
1023 4025 1057 4063 m.
1076 4011 1100 4075 1)
1120 4007 1147 4061 P
1233 4006 1267 4061 25
1285 4023 1315 4060 ac

196 4093 316 4148 deshont
334 4095 411 4160 (cerr.
430 4111 464 4148 m.
483 4099 499 4148 1
516 4109 548 4148 eor
566 4094 706 4164 adestrudr)
725 4094 753 4149 P
823 4095 884 4166 qua]
904 4096 950 4166 qni
967 4097 1004 4150 Pl
1064 4096 1097 4150 26
1117 4096 1242 4165 ertIncta]
1269 4094 1315 4149 de-

196 4185 283 4237 struta
299 4181 337 4236 L¹
