2940 4628
704 578 771 645 Vll.

402 757 565 825 CONTRA
590 760 770 827 ranicula
795 763 907 828 LIBRI
931 763 1030 831 DUO,

582 873 691 928 ‚LIBER
708 868 849 931 PRIMUS.

201 980 228 1043 1.
254 979 391 1046 Honorio
411 980 556 1066 Augusto
580 981 679 1047 sexies
702 984 830 1048 consule
853 984 986 1068 septimo
1004 986 1075 1051 idus
1093 985 1274 1053 Decembris

153 1084 383 1163 AUGUSTINUS
412 1087 577 1170 episcopus
593 1087 743 1153 ecclesiae
757 1089 928 1155 catholicae
940 1091 1280 1184 Hipponeregiensium

120 1205 132 1244 ὁ
153 1191 317 1275 regionum
341 1192 436 1256 dixit:
452 1193 607 1263 Hesterno
631 1193 680 1259 die
703 1194 765 1259 sois
787 1197 819 1259 te
843 1195 968 1274 dixisse,
992 1197 1075 1279 quod
1097 1198 1200 1280 possis
1223 1198 1273 1264 de·

155 1297 278 1362 fondere
294 1298 462 1383 scripturas
472 1298 647 1364 Manichaei
657 1302 689 1364 et
698 1299 848 1381 adserere,
859 1302 942 1384 quod
951 1303 1115 1368 ueritatem
1124 1303 1272 1383 habeant;

153 1403 181 1467 si
203 1403 263 1469 hoc
282 1404 341 1468 tihi
358 1405 461 1488 placet
480 1401 513 1469 et'
531 1405 623 1471 hodie
645 1405 745 1470 facere
765 1409 820 1471 aut
840 1403 1014 1490 praesumis
1036 1411 1068 1473 te
1091 1411 1193 1492 posse,
1213 1409 1271 1474 dic.

195 1509 305 1575 FELIX
327 1510 532 1576 Manichaeus
556 1511 649 1575 dixit:
681 1511 747 1596 Ego
770 1531 831 1577 non
854 1531 933 1597 nego
957 1532 1007 1577 me
1031 1512 1145 1579 dixisse
1168 1513 1273 1579 defen-

84 1648 87 1652 *
153 1615 224 1680 dere
238 1617 341 1700 legem
355 1634 468 1694 meam,
484 1617 512 1681 si
528 1616 724 1700 proferantur
742 1621 884 1684 auctores
902 1619 983 1704 legis
1000 1634 1090 1684 meae
1106 1620 1138 1685 in
1156 1619 1270 1686 medio.

109 1731 134 1770 ¹⁰
195 1722 236 1785 Et
264 1740 336 1786 cum
358 1720 555 1807 Augustinus
583 1723 748 1806 episcopus
776 1723 942 1807 epistulam
964 1725 1149 1805 Manichaei,
1177 1745 1268 1808 qnam

150 1828 359 1893 Fundamenti
391 1829 561 1911 appellant,
592 1829 791 1912 protulisset,
824 1829 918 1895 dixit:
939 1830 977 1903 si
1007 1832 1112 1916 legero
1145 1851 1181 1922 ex
1211 1832 1271 1898 hoc

151 1933 268 2012 codiee,
293 1943 386 2017 quem
408 1953 459 1999 me
481 1935 571 2000 uides
593 1935 681 2015 ferie,
702 1935 869 2020 epistulam
886 1936 1061 2001 Manichaei
1078 1955 1171 2020 quam
1189 1937 1270 2001 Fun·

151 2038 288 2103 dementi
312 2040 488 2130 appellatis,
511 2042 601 2124 potes
624 2060 801 2126 agnoscere,
825 2061 863 2106 an
885 2043 955 2125 ipsa
978 2042 1044 2109 sit?

192 2144 272 2211 ΗΕΒ.
297 2145 392 2210 dixit:
416 2145 571 2232 Agnosco.

107 2266 131 2326 .¹⁵
193 2250 278 2317 Ano.
303 2251 397 2316 dixit:
420 2252 535 2335 Accipe
558 2253 685 2335 tuipse
709 2257 740 2318 et
761 2255 841 2338 lege.

191 2355 233 2419 Et
252 2374 323 2419 oum
342 2357 517 2439 accepisset
535 2357 673 2422 codicem
690 2358 788 2437 Felix,
805 2359 902 2443 legit:
925 2358 1165 2424 Manichacus
1189 2379 1268 2444 apo·

149 2462 273 2526 stolus
296 2462 382 2526 Iesu
405 2461 550 2528 Christi
571 2464 809 2546 prouidentia
832 2464 890 2534 dei
911 2464 1040 2546 patris.
1069 2465 1159 2530 haec
1183 2471 1269 2531 sunt

148 2568 318 2642 salubria
348 2569 464 2633 uerba
496 2588 536 2633 ex
568 2569 721 2651 perenni
753 2588 794 2634 ac
823 2569 911 2642 uiuo
940 2570 1063 2642 fonte:
1087 2591 1178 2654 quae
1206 2573 1268 2655 qui

148 2672 312 2737 audierit
343 2676 380 2738 et
409 2672 544 2738 iisdem
575 2674 732 2755 primum
764 2673 979 2752 crediderit,
1013 2674 1143 2740 deinde
1176 2694 1266 2757 quae

104 2777 340 2842 20insinuata
368 2781 456 2843 sunt
483 2777 723 2856 custodierit,
751 2797 948 2860 numquam
975 2779 1046 2843 erit
1071 2779 1182 2844 morti
1209 2781 1265 2846 oh·

147 2883 288 2962 noxius,
316 2903 446 2949 uerum
473 2887 622 2948 aeterna
649 2887 687 2958 et
712 2884 878 2968 gloriosa
900 2884 983 2949 uita
1009 2885 1163 2949 fruetur.
1186 2903 1265 2951 nam

146 2989 315 3071 profecto
347 2990 483 3055 heatus
514 2992 573 3062 est
603 2989 844 3068 iudicandus,
878 2990 940 3073 qui
971 2990 1038 3055 hac
1065 2990 1191 3055 diuina
1216 2992 1264 3056 in·

147 3098 319 3162 structus
356 3096 572 3181 cognitione
607 3095 740 3176 fuerit,
776 3115 841 3179 per
878 3115 984 3178 qnam
1014 3095 1197 3161 liberatus
1228 3097 1264 3161 in

147 3202 373 3283 sempiterna
395 3202 477 3266 uita
497 3201 738 3284 permanehit.

102 3321 127 3361 2⁶
188 3304 275 3373 Ano.
298 3306 466 3392 episcopus
490 3306 583 3372 dixit:
606 3305 773 3392 Agnouisti
796 3310 879 3372 certe
902 3307 1069 3390 epistulam
1091 3308 1266 3373 Manichaei

144 3413 267 3478 uestri?

188 3519 268 3585 ΗΕΒ.
293 3519 386 3585 dixit:
410 3519 545 3604 Agnoui.

181 3677 194 3727 1
213 3676 317 3746 Incipit¹
331 3676 400 3750 liber
419 3676 519 3746 primus
536 3674 611 3729 beati
628 3675 712 3742 (beati
730 3692 780 3752 om.
799 3674 854 3740 SR,
874 3675 961 3729 sancti
977 3675 1014 3744 P)
1034 3673 1138 3744 (aurelii
1152 3673 1183 3740 S)
1202 3690 1263 3745 aug.

145 3766 188 3832 epi
208 3765 268 3830 (om.
288 3763 345 3834 SR)
365 3767 456 3819 contra
474 3764 580 3818 felicem
596 3764 763 3820 manicheum
786 3763 882 3818 TSPR
957 3762 1124 3833 eseptiese
1198 3762 1264 3817 iduh

145 3851 330 3935 decembrilis
384 3853 730 3924 lypponiregiensiumP
745 3851 1005 3923 ypponiregientium
1021 3851 1049 3906 R
1065 3851 1263 3933 ipponiregien-
1316 3909 1318 3911 ,

143 3940 212 3993 sium
226 3939 273 3994 ΤΒ
287 3940 399 4012 hipponi
416 3941 577 4011 reglensitlh
612 3943 698 4012 dego
717 3941 797 3996 enat
864 3939 1112 4010 menonnegoRb
1148 3940 1182 3993 15
1197 3938 1264 3994 dixit

142 4028 232 4110 einh
302 4032 334 4084 tu
360 4029 421 4100 lege
444 4029 510 4085 PM)
598 4029 632 4086 18
658 4029 786 4102 perhenni
803 4029 909 4084 'TSPR
996 4028 1030 4081 19
1056 4026 1171 4082 hiisdem
1193 4028 1265 4084 TPS

140 4108 297 4185 hiistemlt
367 4119 395 4172 et
413 4116 509 4173 deinde
528 4116 576 4173 SR
628 4117 663 4172 24
680 4118 799 4172 manebit
815 4117 879 4172 Pae
958 4166 959 4169 ,

1062 4216 1126 4276 sul*
