<?xml version="1.0" encoding="UTF-8"?>
<!DOCTYPE html PUBLIC "-//W3C//DTD XHTML 1.0 Transitional//EN"
    "http://www.w3.org/TR/xhtml1/DTD/xhtml1-transitional.dtd">
<html xmlns="http://www.w3.org/1999/xhtml" xml:lang="en" lang="en">
 <head>
  <title>
</title>
<meta http-equiv="Content-Type" content="text/html;charset=utf-8" />
  <meta name='ocr-system' content='tesseract 3.04.00' />
  <meta name='ocr-capabilities' content='ocr_page ocr_carea ocr_par ocr_line ocrx_word'/>
</head>
<body>
  <div class='ocr_page' id='page_1' title='image "./sanctiavreliavg00zychgoog_0110.png"; bbox 0 0 2940 4628; ppageno 0'>
   <div class='ocr_carea' id='block_1_1' title="bbox 491 258 1305 331">
    <p class='ocr_par' dir='ltr' id='par_1_1' title="bbox 491 258 1305 331">
     <span class='ocr_line' id='line_1_1' title="bbox 491 258 1305 331; baseline 0.016 -20"><span class='ocrx_word' id='word_1_1' title='bbox 491 259 551 313; x_wconf 87' lang='lat' dir='ltr'>VII.</span> <span class='ocrx_word' id='word_1_2' title='bbox 579 258 720 315; x_wconf 81' lang='lat' dir='ltr'>Contra</span> <span class='ocrx_word' id='word_1_3' title='bbox 745 261 913 317; x_wconf 78' lang='lat' dir='ltr'><strong>Felicem</strong></span> <span class='ocrx_word' id='word_1_4' title='bbox 942 262 1005 320; x_wconf 85' lang='lat' dir='ltr'><strong>lib.</strong></span> <span class='ocrx_word' id='word_1_5' title='bbox 1027 264 1049 319; x_wconf 93' lang='grc' dir='ltr'><strong>Ι.</strong></span> <span class='ocrx_word' id='word_1_6' title='bbox 1244 269 1305 331; x_wconf 89' lang='grc'><strong>811</strong></span> 
     </span>
    </p>
   </div>
   <div class='ocr_carea' id='block_1_2' title="bbox 123 451 1319 3716">
    <p class='ocr_par' dir='ltr' id='par_1_2' title="bbox 194 451 1313 647">
     <span class='ocr_line' id='line_1_2' title="bbox 238 451 1313 540; baseline 0.012 -26"><span class='ocrx_word' id='word_1_7' title='bbox 238 452 267 514; x_wconf 85' lang='grc'><strong>9.</strong></span> <span class='ocrx_word' id='word_1_8' title='bbox 300 451 378 516; x_wconf 74' lang='grc' dir='ltr'><strong>ΕΕΙ..</strong></span> <span class='ocrx_word' id='word_1_9' title='bbox 407 452 500 517; x_wconf 82' lang='lat' dir='ltr'><strong>dixit:</strong></span> <span class='ocrx_word' id='word_1_10' title='bbox 533 455 574 518; x_wconf 79' lang='lat' dir='ltr'><strong>Et</strong></span> <span class='ocrx_word' id='word_1_11' title='bbox 601 474 658 538; x_wconf 84' lang='lat' dir='ltr'><strong>ego</strong></span> <span class='ocrx_word' id='word_1_12' title='bbox 685 457 855 539; x_wconf 83' lang='lat' dir='ltr'>respondeo</span> <span class='ocrx_word' id='word_1_13' title='bbox 884 457 922 520; x_wconf 91' lang='lat' dir='ltr'><strong>ad</strong></span> <span class='ocrx_word' id='word_1_14' title='bbox 949 458 1033 540; x_wconf 92' lang='lat' dir='ltr'><strong>quod</strong></span> <span class='ocrx_word' id='word_1_15' title='bbox 1060 458 1137 523; x_wconf 89' lang='lat' dir='ltr'><strong>dicit</strong></span> <span class='ocrx_word' id='word_1_16' title='bbox 1163 459 1313 527; x_wconf 85' lang='lat' dir='ltr'><strong>sanctitas</strong></span> 
     </span>
     <span class='ocr_line' id='line_1_3' title="bbox 194 558 1149 647; baseline 0.008 -26"><span class='ocrx_word' id='word_1_17' title='bbox 194 560 260 635; x_wconf 81' lang='lat' dir='ltr'><strong>tua,</strong></span> <span class='ocrx_word' id='word_1_18' title='bbox 284 558 357 640; x_wconf 89' lang='lat' dir='ltr'><strong>quia</strong></span> <span class='ocrx_word' id='word_1_19' title='bbox 377 558 410 623; x_wconf 91' lang='lat' dir='ltr'><strong>in</strong></span> <span class='ocrx_word' id='word_1_20' title='bbox 431 559 530 626; x_wconf 91' lang='lat' dir='ltr'><strong>Paulo</strong></span> <span class='ocrx_word' id='word_1_21' title='bbox 552 561 640 625; x_wconf 90' lang='lat' dir='ltr'><strong>uenit</strong></span> <span class='ocrx_word' id='word_1_22' title='bbox 662 562 790 645; x_wconf 86' lang='lat' dir='ltr'><strong>spiritus</strong></span> <span class='ocrx_word' id='word_1_23' title='bbox 814 566 940 628; x_wconf 88' lang='lat' dir='ltr'><strong>sanctus</strong></span> <span class='ocrx_word' id='word_1_24' title='bbox 963 565 1149 647; x_wconf 86' lang='lat' dir='ltr'><strong>paracletus.</strong></span> 
     </span>
    </p>

    <p class='ocr_par' dir='ltr' id='par_1_3' title="bbox 238 664 691 734">
     <span class='ocr_line' id='line_1_4' title="bbox 238 664 691 734; baseline 0.011 -7"><span class='ocrx_word' id='word_1_25' title='bbox 238 664 322 730; x_wconf 80' lang='lat' dir='ltr'><strong>Auo.</strong></span> <span class='ocrx_word' id='word_1_26' title='bbox 347 664 441 732; x_wconf 84' lang='lat' dir='ltr'><strong>dixit:</strong></span> <span class='ocrx_word' id='word_1_27' title='bbox 465 666 534 731; x_wconf 86' lang='lat' dir='ltr'><strong>Non</strong></span> <span class='ocrx_word' id='word_1_28' title='bbox 558 667 589 731; x_wconf 88' lang='lat' dir='ltr'><strong>iu</strong></span> <span class='ocrx_word' id='word_1_29' title='bbox 614 669 691 734; x_wconf 85' lang='lat' dir='ltr'><strong>solo.</strong></span> 
     </span>
    </p>

    <p class='ocr_par' dir='ltr' id='par_1_4' title="bbox 237 770 1313 860">
     <span class='ocr_line' id='line_1_5' title="bbox 237 770 1313 860; baseline 0.009 -25"><span class='ocrx_word' id='word_1_30' title='bbox 237 770 317 836; x_wconf 75' lang='lat' dir='ltr'><strong>FEL.</strong></span> <span class='ocrx_word' id='word_1_31' title='bbox 336 771 429 836; x_wconf 85' lang='lat' dir='ltr'><strong>dixit:</strong></span> <span class='ocrx_word' id='word_1_32' title='bbox 453 772 520 856; x_wconf 86' lang='lat' dir='ltr'><strong>Idgo</strong></span> <span class='ocrx_word' id='word_1_33' title='bbox 544 773 581 838; x_wconf 90' lang='lat' dir='ltr'><strong>de</strong></span> <span class='ocrx_word' id='word_1_34' title='bbox 604 774 672 858; x_wconf 91' lang='lat' dir='ltr'><strong>ipso</strong></span> <span class='ocrx_word' id='word_1_35' title='bbox 696 794 764 858; x_wconf 80' lang='lat' dir='ltr'><strong>ago,</strong></span> <span class='ocrx_word' id='word_1_36' title='bbox 785 776 866 857; x_wconf 80' lang='lat' dir='ltr'><strong>quia,</strong></span> <span class='ocrx_word' id='word_1_37' title='bbox 890 776 918 840; x_wconf 93' lang='lat' dir='ltr'><strong>si</strong></span> <span class='ocrx_word' id='word_1_38' title='bbox 939 776 971 840; x_wconf 91' lang='lat' dir='ltr'><strong>in</strong></span> <span class='ocrx_word' id='word_1_39' title='bbox 993 776 1072 860; x_wconf 80' lang='lat' dir='ltr'><strong>ipso,</strong></span> <span class='ocrx_word' id='word_1_40' title='bbox 1092 776 1172 842; x_wconf 91' lang='lat' dir='ltr'><strong>etin</strong></span> <span class='ocrx_word' id='word_1_41' title='bbox 1196 797 1313 845; x_wconf 87' lang='lat' dir='ltr'><strong>omnes.</strong></span> 
     </span>
    </p>

    <p class='ocr_par' dir='ltr' id='par_1_5' title="bbox 151 877 1317 1388">
     <span class='ocr_line' id='line_1_6' title="bbox 151 877 1315 966; baseline 0.013 -32"><span class='ocrx_word' id='word_1_42' title='bbox 151 893 164 934; x_wconf 80' lang='lat' dir='ltr'><strong>a</strong></span> <span class='ocrx_word' id='word_1_43' title='bbox 195 879 228 941; x_wconf 82' lang='lat' dir='ltr'><strong>et</strong></span> <span class='ocrx_word' id='word_1_44' title='bbox 254 877 335 942; x_wconf 89' lang='lat' dir='ltr'><strong>siin</strong></span> <span class='ocrx_word' id='word_1_45' title='bbox 361 877 430 960; x_wconf 92' lang='lat' dir='ltr'><strong>ipso</strong></span> <span class='ocrx_word' id='word_1_46' title='bbox 458 879 646 945; x_wconf 86' lang='lat' dir='ltr'><strong>—Paulus</strong></span> <span class='ocrx_word' id='word_1_47' title='bbox 674 881 755 946; x_wconf 88' lang='lat' dir='ltr'><strong>enim</strong></span> <span class='ocrx_word' id='word_1_48' title='bbox 786 883 818 945; x_wconf 92' lang='lat' dir='ltr'><strong>in</strong></span> <span class='ocrx_word' id='word_1_49' title='bbox 850 882 948 948; x_wconf 85' lang='lat' dir='ltr'><strong>altera</strong></span> <span class='ocrx_word' id='word_1_50' title='bbox 979 882 1114 966; x_wconf 78' lang='lat' dir='ltr'><strong>epistula</strong></span> <span class='ocrx_word' id='word_1_51' title='bbox 1147 883 1241 949; x_wconf 91' lang='lat' dir='ltr'><strong>dicit:</strong></span> <span class='ocrx_word' id='word_1_52' title='bbox 1270 903 1315 949; x_wconf 87' lang='lat' dir='ltr'><strong>ex</strong></span> 
     </span>
     <span class='ocr_line' id='line_1_7' title="bbox 195 985 1316 1071; baseline 0.005 -24"><span class='ocrx_word' id='word_1_53' title='bbox 195 987 301 1066; x_wconf 87' lang='lat' dir='ltr'><strong>parto</strong></span> <span class='ocrx_word' id='word_1_54' title='bbox 325 985 463 1050; x_wconf 86' lang='lat' dir='ltr'><strong>scimus</strong></span> <span class='ocrx_word' id='word_1_55' title='bbox 492 989 528 1050; x_wconf 91' lang='lat' dir='ltr'><strong>et</strong></span> <span class='ocrx_word' id='word_1_56' title='bbox 555 1005 593 1050; x_wconf 86' lang='lat' dir='ltr'><strong>ox</strong></span> <span class='ocrx_word' id='word_1_57' title='bbox 620 990 725 1071; x_wconf 87' lang='lat' dir='ltr'><strong>parte</strong></span> <span class='ocrx_word' id='word_1_58' title='bbox 751 989 1031 1071; x_wconf 68' lang='lat' dir='ltr'><strong>prophetismum</strong></span> <span class='ocrx_word' id='word_1_59' title='bbox 1060 1007 1140 1053; x_wconf 88' lang='lat' dir='ltr'><strong>cum</strong></span> <span class='ocrx_word' id='word_1_60' title='bbox 1166 991 1316 1060; x_wconf 79' lang='lat' dir='ltr'><strong>uenerit</strong></span> 
     </span>
     <span class='ocr_line' id='line_1_8' title="bbox 197 1090 1315 1176; baseline 0.006 -23"><span class='ocrx_word' id='word_1_61' title='bbox 197 1093 319 1154; x_wconf 86' lang='lat' dir='ltr'><strong>autem</strong></span> <span class='ocrx_word' id='word_1_62' title='bbox 347 1090 444 1172; x_wconf 91' lang='lat' dir='ltr'><strong>quod</strong></span> <span class='ocrx_word' id='word_1_63' title='bbox 470 1091 677 1174; x_wconf 85' lang='lat' dir='ltr'><strong>perfectum</strong></span> <span class='ocrx_word' id='word_1_64' title='bbox 706 1095 776 1172; x_wconf 83' lang='lat' dir='ltr'><strong>est,</strong></span> <span class='ocrx_word' id='word_1_65' title='bbox 804 1093 1054 1159; x_wconf 84' lang='lat' dir='ltr'><strong>abolebuntur</strong></span> <span class='ocrx_word' id='word_1_66' title='bbox 1076 1113 1131 1172; x_wconf 83' lang='lat' dir='ltr'><strong>ea,</strong></span> <span class='ocrx_word' id='word_1_67' title='bbox 1160 1113 1252 1176; x_wconf 86' lang='lat' dir='ltr'><strong>quoe</strong></span> <span class='ocrx_word' id='word_1_68' title='bbox 1276 1114 1315 1160; x_wconf 86' lang='lat' dir='ltr'><strong>ex</strong></span> 
     </span>
     <span class='ocr_line' id='line_1_9' title="bbox 195 1197 1317 1279; baseline 0.004 -19"><span class='ocrx_word' id='word_1_69' title='bbox 195 1200 300 1279; x_wconf 85' lang='lat' dir='ltr'><strong>parte</strong></span> <span class='ocrx_word' id='word_1_70' title='bbox 324 1197 425 1261; x_wconf 88' lang='lat' dir='ltr'><strong>diota</strong></span> <span class='ocrx_word' id='word_1_71' title='bbox 444 1201 530 1262; x_wconf 86' lang='lat' dir='ltr'><strong>suut</strong></span> <span class='ocrx_word' id='word_1_72' title='bbox 548 1235 591 1244; x_wconf 96' lang='lat'><em>-</em></span> <span class='ocrx_word' id='word_1_73' title='bbox 609 1218 665 1263; x_wconf 88' lang='lat' dir='ltr'><strong>nos</strong></span> <span class='ocrx_word' id='word_1_74' title='bbox 688 1199 849 1268; x_wconf 83' lang='lat' dir='ltr'><strong>audientes</strong></span> <span class='ocrx_word' id='word_1_75' title='bbox 867 1200 1001 1263; x_wconf 90' lang='lat' dir='ltr'><strong>Paulum</strong></span> <span class='ocrx_word' id='word_1_76' title='bbox 1019 1199 1078 1264; x_wconf 93' lang='lat' dir='ltr'><strong>hoc</strong></span> <span class='ocrx_word' id='word_1_77' title='bbox 1097 1200 1208 1278; x_wconf 85' lang='lat' dir='ltr'><strong>dicere,</strong></span> <span class='ocrx_word' id='word_1_78' title='bbox 1228 1201 1317 1266; x_wconf 85' lang='lat' dir='ltr'><strong>uenit</strong></span> 
     </span>
     <span class='ocr_line' id='line_1_10' title="bbox 195 1301 1315 1388; baseline 0.004 -22"><span class='ocrx_word' id='word_1_79' title='bbox 195 1301 397 1368; x_wconf 85' lang='lat' dir='ltr'><strong>Manichacus</strong></span> <span class='ocrx_word' id='word_1_80' title='bbox 421 1321 492 1368; x_wconf 84' lang='lat' dir='ltr'><strong>cum</strong></span> <span class='ocrx_word' id='word_1_81' title='bbox 514 1303 742 1386; x_wconf 86' lang='lat' dir='ltr'><strong>praedicatione</strong></span> <span class='ocrx_word' id='word_1_82' title='bbox 761 1324 827 1382; x_wconf 86' lang='lat' dir='ltr'><strong>sua,</strong></span> <span class='ocrx_word' id='word_1_83' title='bbox 848 1309 879 1369; x_wconf 91' lang='lat' dir='ltr'><strong>et</strong></span> <span class='ocrx_word' id='word_1_84' title='bbox 896 1305 1092 1388; x_wconf 78' lang='lat' dir='ltr'><strong>suscepimus</strong></span> <span class='ocrx_word' id='word_1_85' title='bbox 1112 1325 1183 1370; x_wconf 89' lang='lat' dir='ltr'><strong>eum</strong></span> <span class='ocrx_word' id='word_1_86' title='bbox 1202 1325 1315 1371; x_wconf 86' lang='lat' dir='ltr'><strong>secun·</strong></span> 
     </span>
    </p>

    <p class='ocr_par' dir='ltr' id='par_1_6' title="bbox 152 1407 1317 1916">
     <span class='ocr_line' id='line_1_11' title="bbox 152 1407 1315 1492; baseline 0.006 -20"><span class='ocrx_word' id='word_1_87' title='bbox 152 1423 178 1462; x_wconf 80' lang='lat'><strong>1⁰</strong></span> <span class='ocrx_word' id='word_1_88' title='bbox 196 1407 272 1472; x_wconf 92' lang='lat' dir='ltr'><strong>dum</strong></span> <span class='ocrx_word' id='word_1_89' title='bbox 290 1409 373 1491; x_wconf 92' lang='lat' dir='ltr'><strong>quod</strong></span> <span class='ocrx_word' id='word_1_90' title='bbox 392 1407 536 1474; x_wconf 81' lang='lat' dir='ltr'><strong>Christus</strong></span> <span class='ocrx_word' id='word_1_91' title='bbox 556 1409 650 1473; x_wconf 80' lang='lat' dir='ltr'><strong>dixit:</strong></span> <span class='ocrx_word' id='word_1_92' title='bbox 674 1410 782 1475; x_wconf 85' lang='lat' dir='ltr'><strong>mitto</strong></span> <span class='ocrx_word' id='word_1_93' title='bbox 807 1410 913 1475; x_wconf 89' lang='lat' dir='ltr'><strong>uobis</strong></span> <span class='ocrx_word' id='word_1_94' title='bbox 938 1410 1110 1492; x_wconf 86' lang='lat' dir='ltr'><strong>spiritum</strong></span> <span class='ocrx_word' id='word_1_95' title='bbox 1135 1413 1315 1480; x_wconf 87' lang='lat' dir='ltr'><strong>sanctum.</strong></span> 
     </span>
     <span class='ocr_line' id='line_1_12' title="bbox 197 1515 1317 1600; baseline 0.002 -20"><span class='ocrx_word' id='word_1_96' title='bbox 197 1517 229 1580; x_wconf 89' lang='lat' dir='ltr'><strong>et</strong></span> <span class='ocrx_word' id='word_1_97' title='bbox 249 1515 367 1580; x_wconf 89' lang='lat' dir='ltr'><strong>Paulus</strong></span> <span class='ocrx_word' id='word_1_98' title='bbox 390 1515 479 1579; x_wconf 86' lang='lat' dir='ltr'><strong>uenit</strong></span> <span class='ocrx_word' id='word_1_99' title='bbox 500 1518 533 1580; x_wconf 88' lang='lat' dir='ltr'><strong>et</strong></span> <span class='ocrx_word' id='word_1_100' title='bbox 555 1516 632 1580; x_wconf 86' lang='lat' dir='ltr'><strong>dixit</strong></span> <span class='ocrx_word' id='word_1_101' title='bbox 654 1516 773 1599; x_wconf 85' lang='lat' dir='ltr'><strong>etipse</strong></span> <span class='ocrx_word' id='word_1_102' title='bbox 797 1516 869 1598; x_wconf 87' lang='lat' dir='ltr'><strong>quia</strong></span> <span class='ocrx_word' id='word_1_103' title='bbox 895 1520 1046 1580; x_wconf 88' lang='lat' dir='ltr'><strong>uentums</strong></span> <span class='ocrx_word' id='word_1_104' title='bbox 1070 1519 1129 1594; x_wconf 87' lang='lat' dir='ltr'><strong>est,</strong></span> <span class='ocrx_word' id='word_1_105' title='bbox 1153 1520 1186 1581; x_wconf 86' lang='lat' dir='ltr'><strong>et</strong></span> <span class='ocrx_word' id='word_1_106' title='bbox 1206 1520 1317 1600; x_wconf 83' lang='lat' dir='ltr'><strong>postca</strong></span> 
     </span>
     <span class='ocr_line' id='line_1_13' title="bbox 195 1621 1316 1705; baseline 0.002 -20"><span class='ocrx_word' id='word_1_107' title='bbox 195 1640 287 1685; x_wconf 90' lang='lat' dir='ltr'><strong>nomo</strong></span> <span class='ocrx_word' id='word_1_108' title='bbox 310 1621 415 1697; x_wconf 83' lang='lat' dir='ltr'><strong>uenit3</strong></span> <span class='ocrx_word' id='word_1_109' title='bbox 438 1621 508 1686; x_wconf 92' lang='lat' dir='ltr'><strong>ideo</strong></span> <span class='ocrx_word' id='word_1_110' title='bbox 532 1622 728 1705; x_wconf 87' lang='lat' dir='ltr'><strong>suscepimus</strong></span> <span class='ocrx_word' id='word_1_111' title='bbox 745 1621 972 1686; x_wconf 88' lang='lat' dir='ltr'><strong>Manichaeum.</strong></span> <span class='ocrx_word' id='word_1_112' title='bbox 997 1626 1029 1687; x_wconf 85' lang='lat' dir='ltr'><strong>et</strong></span> <span class='ocrx_word' id='word_1_113' title='bbox 1051 1622 1123 1704; x_wconf 86' lang='lat' dir='ltr'><strong>quia</strong></span> <span class='ocrx_word' id='word_1_114' title='bbox 1144 1623 1232 1687; x_wconf 86' lang='lat' dir='ltr'><strong>uenit</strong></span> <span class='ocrx_word' id='word_1_115' title='bbox 1248 1622 1316 1687; x_wconf 88' lang='lat' dir='ltr'><strong>Ma·</strong></span> 
     </span>
     <span class='ocr_line' id='line_1_14' title="bbox 195 1727 1315 1812; baseline 0.002 -22"><span class='ocrx_word' id='word_1_116' title='bbox 195 1727 344 1792; x_wconf 86' lang='lat' dir='ltr'><strong>nichoeus</strong></span> <span class='ocrx_word' id='word_1_117' title='bbox 377 1729 409 1791; x_wconf 90' lang='lat' dir='ltr'><strong>et</strong></span> <span class='ocrx_word' id='word_1_118' title='bbox 436 1747 492 1812; x_wconf 89' lang='lat' dir='ltr'><strong>por</strong></span> <span class='ocrx_word' id='word_1_119' title='bbox 523 1747 613 1792; x_wconf 87' lang='lat' dir='ltr'><strong>suam</strong></span> <span class='ocrx_word' id='word_1_120' title='bbox 647 1728 907 1812; x_wconf 85' lang='lat' dir='ltr'><strong>praedicationem</strong></span> <span class='ocrx_word' id='word_1_121' title='bbox 945 1729 1052 1793; x_wconf 88' lang='lat' dir='ltr'><strong>docuit</strong></span> <span class='ocrx_word' id='word_1_122' title='bbox 1087 1748 1144 1793; x_wconf 91' lang='lat' dir='ltr'><strong>nos</strong></span> <span class='ocrx_word' id='word_1_123' title='bbox 1179 1728 1315 1806; x_wconf 82' lang='lat' dir='ltr'><strong>initium,</strong></span> 
     </span>
     <span class='ocr_line' id='line_1_15' title="bbox 195 1833 1317 1916; baseline -0.001 -17"><span class='ocrx_word' id='word_1_124' title='bbox 195 1834 334 1899; x_wconf 90' lang='lat' dir='ltr'><strong>medium</strong></span> <span class='ocrx_word' id='word_1_125' title='bbox 358 1837 389 1898; x_wconf 85' lang='lat' dir='ltr'><strong>ot</strong></span> <span class='ocrx_word' id='word_1_126' title='bbox 410 1833 522 1911; x_wconf 82' lang='lat' dir='ltr'><strong>finem3</strong></span> <span class='ocrx_word' id='word_1_127' title='bbox 551 1834 658 1900; x_wconf 85' lang='lat' dir='ltr'><strong>docuit</strong></span> <span class='ocrx_word' id='word_1_128' title='bbox 683 1853 740 1899; x_wconf 87' lang='lat' dir='ltr'><strong>nos</strong></span> <span class='ocrx_word' id='word_1_129' title='bbox 768 1834 805 1899; x_wconf 94' lang='lat' dir='ltr'><strong>de</strong></span> <span class='ocrx_word' id='word_1_130' title='bbox 832 1834 947 1899; x_wconf 84' lang='lat' dir='ltr'><strong>fabrica</strong></span> <span class='ocrx_word' id='word_1_131' title='bbox 972 1834 1091 1913; x_wconf 88' lang='lat' dir='ltr'><strong>mundi,</strong></span> <span class='ocrx_word' id='word_1_132' title='bbox 1120 1852 1212 1916; x_wconf 90' lang='lat' dir='ltr'><strong>quare</strong></span> <span class='ocrx_word' id='word_1_133' title='bbox 1235 1834 1317 1898; x_wconf 86' lang='lat' dir='ltr'><strong>iacta</strong></span> 
     </span>
    </p>

    <p class='ocr_par' dir='ltr' id='par_1_7' title="bbox 151 1939 1318 2446">
     <span class='ocr_line' id='line_1_16' title="bbox 151 1939 1315 2022; baseline 0.001 -19"><span class='ocrx_word' id='word_1_134' title='bbox 151 1952 176 1994; x_wconf 79' lang='lat'><strong>¹⁶</strong></span> <span class='ocrx_word' id='word_1_135' title='bbox 200 1942 250 2004; x_wconf 89' lang='lat' dir='ltr'><strong>est</strong></span> <span class='ocrx_word' id='word_1_136' title='bbox 272 1943 304 2004; x_wconf 88' lang='lat' dir='ltr'><strong>et</strong></span> <span class='ocrx_word' id='word_1_137' title='bbox 326 1939 406 2004; x_wconf 85' lang='lat' dir='ltr'><strong>uude</strong></span> <span class='ocrx_word' id='word_1_138' title='bbox 429 1940 511 2004; x_wconf 87' lang='lat' dir='ltr'><strong>sacta</strong></span> <span class='ocrx_word' id='word_1_139' title='bbox 534 1942 592 2018; x_wconf 88' lang='lat' dir='ltr'><strong>est,</strong></span> <span class='ocrx_word' id='word_1_140' title='bbox 616 1943 648 2005; x_wconf 89' lang='lat' dir='ltr'><strong>et</strong></span> <span class='ocrx_word' id='word_1_141' title='bbox 671 1940 724 2022; x_wconf 92' lang='lat' dir='ltr'><strong>qui</strong></span> <span class='ocrx_word' id='word_1_142' title='bbox 745 1939 901 2016; x_wconf 62' lang='lat' dir='ltr'><strong>socorsum</strong></span> <span class='ocrx_word' id='word_1_143' title='bbox 925 1939 1032 2005; x_wconf 89' lang='lat' dir='ltr'><strong>docuit</strong></span> <span class='ocrx_word' id='word_1_144' title='bbox 1053 1958 1110 2005; x_wconf 90' lang='lat' dir='ltr'><strong>nos</strong></span> <span class='ocrx_word' id='word_1_145' title='bbox 1134 1958 1227 2022; x_wconf 82' lang='lat' dir='ltr'><strong>quare</strong></span> <span class='ocrx_word' id='word_1_146' title='bbox 1249 1939 1315 2004; x_wconf 91' lang='lat' dir='ltr'><strong>dies</strong></span> 
     </span>
     <span class='ocr_line' id='line_1_17' title="bbox 198 2044 1316 2128; baseline -0.002 -18"><span class='ocrx_word' id='word_1_147' title='bbox 198 2047 230 2110; x_wconf 88' lang='lat' dir='ltr'><strong>et</strong></span> <span class='ocrx_word' id='word_1_148' title='bbox 253 2063 347 2128; x_wconf 89' lang='lat' dir='ltr'><strong>quaro</strong></span> <span class='ocrx_word' id='word_1_149' title='bbox 370 2065 446 2122; x_wconf 80' lang='lat' dir='ltr'><strong>nox3</strong></span> <span class='ocrx_word' id='word_1_150' title='bbox 476 2045 583 2111; x_wconf 85' lang='lat' dir='ltr'><strong>docuit</strong></span> <span class='ocrx_word' id='word_1_151' title='bbox 604 2064 661 2111; x_wconf 89' lang='lat' dir='ltr'><strong>nos</strong></span> <span class='ocrx_word' id='word_1_152' title='bbox 684 2046 722 2110; x_wconf 90' lang='lat' dir='ltr'><strong>dc</strong></span> <span class='ocrx_word' id='word_1_153' title='bbox 745 2064 838 2110; x_wconf 91' lang='lat' dir='ltr'><strong>cursu</strong></span> <span class='ocrx_word' id='word_1_154' title='bbox 862 2045 939 2110; x_wconf 88' lang='lat' dir='ltr'><strong>solis</strong></span> <span class='ocrx_word' id='word_1_155' title='bbox 967 2049 999 2110; x_wconf 81' lang='lat' dir='ltr'><strong>et</strong></span> <span class='ocrx_word' id='word_1_156' title='bbox 1023 2046 1134 2110; x_wconf 85' lang='lat' dir='ltr'><strong>lunae:</strong></span> <span class='ocrx_word' id='word_1_157' title='bbox 1163 2044 1316 2127; x_wconf 90' lang='lat' dir='ltr'><strong>quiahoc</strong></span> 
     </span>
     <span class='ocr_line' id='line_1_18' title="bbox 197 2149 1316 2234; baseline -0.003 -17"><span class='ocrx_word' id='word_1_158' title='bbox 197 2152 229 2217; x_wconf 90' lang='lat' dir='ltr'><strong>in</strong></span> <span class='ocrx_word' id='word_1_159' title='bbox 250 2151 350 2217; x_wconf 87' lang='lat' dir='ltr'><strong>Paulo</strong></span> <span class='ocrx_word' id='word_1_160' title='bbox 373 2170 434 2216; x_wconf 90' lang='lat' dir='ltr'><strong>non</strong></span> <span class='ocrx_word' id='word_1_161' title='bbox 457 2152 636 2217; x_wconf 86' lang='lat' dir='ltr'><strong>audiuimus</strong></span> <span class='ocrx_word' id='word_1_162' title='bbox 658 2170 716 2216; x_wconf 90' lang='lat' dir='ltr'><strong>neo</strong></span> <span class='ocrx_word' id='word_1_163' title='bbox 737 2151 769 2214; x_wconf 90' lang='lat' dir='ltr'><strong>in</strong></span> <span class='ocrx_word' id='word_1_164' title='bbox 792 2154 964 2216; x_wconf 88' lang='lat' dir='ltr'><strong>ceterorum</strong></span> <span class='ocrx_word' id='word_1_165' title='bbox 987 2151 1199 2234; x_wconf 85' lang='lat' dir='ltr'><strong>apostolorum</strong></span> <span class='ocrx_word' id='word_1_166' title='bbox 1222 2149 1316 2232; x_wconf 88' lang='lat' dir='ltr'><strong>scrip·</strong></span> 
     </span>
     <span class='ocr_line' id='line_1_19' title="bbox 197 2255 1318 2340; baseline -0.003 -19"><span class='ocrx_word' id='word_1_167' title='bbox 197 2257 287 2334; x_wconf 72' lang='lat' dir='ltr'><strong>turis</strong></span> <span class='ocrx_word' id='word_1_168' title='bbox 320 2258 380 2323; x_wconf 92' lang='lat' dir='ltr'><strong>hoc</strong></span> <span class='ocrx_word' id='word_1_169' title='bbox 412 2258 578 2336; x_wconf 81' lang='lat' dir='ltr'><strong>oredimus,</strong></span> <span class='ocrx_word' id='word_1_170' title='bbox 607 2258 680 2340; x_wconf 87' lang='lat' dir='ltr'><strong>quia</strong></span> <span class='ocrx_word' id='word_1_171' title='bbox 709 2258 776 2340; x_wconf 89' lang='lat' dir='ltr'><strong>ipsc</strong></span> <span class='ocrx_word' id='word_1_172' title='bbox 809 2260 858 2322; x_wconf 84' lang='lat' dir='ltr'><strong>ost</strong></span> <span class='ocrx_word' id='word_1_173' title='bbox 887 2258 1072 2339; x_wconf 86' lang='lat' dir='ltr'><strong>paracletus.</strong></span> <span class='ocrx_word' id='word_1_174' title='bbox 1104 2255 1210 2338; x_wconf 87' lang='lat' dir='ltr'><strong>itaque</strong></span> <span class='ocrx_word' id='word_1_175' title='bbox 1237 2255 1318 2319; x_wconf 92' lang='lat' dir='ltr'><strong>illud</strong></span> 
     </span>
     <span class='ocr_line' id='line_1_20' title="bbox 197 2361 1317 2446; baseline -0.003 -18"><span class='ocrx_word' id='word_1_176' title='bbox 197 2363 311 2429; x_wconf 88' lang='lat' dir='ltr'><strong>iterum</strong></span> <span class='ocrx_word' id='word_1_177' title='bbox 334 2363 415 2443; x_wconf 88' lang='lat' dir='ltr'><strong>dico,</strong></span> <span class='ocrx_word' id='word_1_178' title='bbox 440 2363 523 2446; x_wconf 93' lang='lat' dir='ltr'><strong>quod</strong></span> <span class='ocrx_word' id='word_1_179' title='bbox 546 2364 689 2446; x_wconf 86' lang='lat' dir='ltr'><strong>superius</strong></span> <span class='ocrx_word' id='word_1_180' title='bbox 718 2363 797 2428; x_wconf 87' lang='lat' dir='ltr'><strong>dixi:</strong></span> <span class='ocrx_word' id='word_1_181' title='bbox 830 2363 858 2428; x_wconf 90' lang='lat' dir='ltr'><strong>si</strong></span> <span class='ocrx_word' id='word_1_182' title='bbox 885 2363 1010 2428; x_wconf 84' lang='lat' dir='ltr'><strong>audiero</strong></span> <span class='ocrx_word' id='word_1_183' title='bbox 1037 2363 1070 2426; x_wconf 92' lang='lat' dir='ltr'><strong>in</strong></span> <span class='ocrx_word' id='word_1_184' title='bbox 1098 2362 1195 2426; x_wconf 85' lang='lat' dir='ltr'><strong>altero</strong></span> <span class='ocrx_word' id='word_1_185' title='bbox 1223 2361 1317 2444; x_wconf 88' lang='lat' dir='ltr'><strong>scrip·</strong></span> 
     </span>
    </p>

    <p class='ocr_par' dir='ltr' id='par_1_8' title="bbox 152 2467 1318 2662">
     <span class='ocr_line' id='line_1_21' title="bbox 152 2467 1318 2553; baseline -0.003 -18"><span class='ocrx_word' id='word_1_186' title='bbox 152 2496 180 2535; x_wconf 72' lang='lat' dir='ltr'><strong>so</strong></span> <span class='ocrx_word' id='word_1_187' title='bbox 197 2474 277 2549; x_wconf 85' lang='lat' dir='ltr'><strong>tura,</strong></span> <span class='ocrx_word' id='word_1_188' title='bbox 300 2469 356 2534; x_wconf 92' lang='lat' dir='ltr'><strong>ubi</strong></span> <span class='ocrx_word' id='word_1_189' title='bbox 378 2471 552 2553; x_wconf 83' lang='lat' dir='ltr'><strong>paracletus</strong></span> <span class='ocrx_word' id='word_1_190' title='bbox 576 2469 725 2551; x_wconf 84' lang='lat' dir='ltr'><strong>loquitur,</strong></span> <span class='ocrx_word' id='word_1_191' title='bbox 748 2469 780 2533; x_wconf 93' lang='lat' dir='ltr'><strong>id</strong></span> <span class='ocrx_word' id='word_1_192' title='bbox 804 2472 853 2534; x_wconf 88' lang='lat' dir='ltr'><strong>ost</strong></span> <span class='ocrx_word' id='word_1_193' title='bbox 875 2469 1003 2552; x_wconf 88' lang='lat' dir='ltr'><strong>spiritus</strong></span> <span class='ocrx_word' id='word_1_194' title='bbox 1028 2471 1165 2547; x_wconf 87' lang='lat' dir='ltr'><strong>sanctus,</strong></span> <span class='ocrx_word' id='word_1_195' title='bbox 1195 2467 1232 2532; x_wconf 91' lang='lat' dir='ltr'><strong>de</strong></span> <span class='ocrx_word' id='word_1_196' title='bbox 1256 2486 1318 2549; x_wconf 92' lang='lat' dir='ltr'><strong>quo</strong></span> 
     </span>
     <span class='ocr_line' id='line_1_22' title="bbox 198 2573 1198 2662; baseline -0.003 -22"><span class='ocrx_word' id='word_1_197' title='bbox 198 2577 327 2642; x_wconf 84' lang='lat' dir='ltr'><strong>noluero</strong></span> <span class='ocrx_word' id='word_1_198' title='bbox 350 2575 550 2662; x_wconf 79' lang='lat' dir='ltr'><strong>interrogare,</strong></span> <span class='ocrx_word' id='word_1_199' title='bbox 574 2576 606 2639; x_wconf 89' lang='lat' dir='ltr'><strong>et</strong></span> <span class='ocrx_word' id='word_1_200' title='bbox 628 2574 770 2640; x_wconf 86' lang='lat' dir='ltr'><strong>docueris</strong></span> <span class='ocrx_word' id='word_1_201' title='bbox 792 2593 853 2654; x_wconf 86' lang='lat' dir='ltr'><strong>me,</strong></span> <span class='ocrx_word' id='word_1_202' title='bbox 877 2573 967 2638; x_wconf 92' lang='lat' dir='ltr'><strong>oredo</strong></span> <span class='ocrx_word' id='word_1_203' title='bbox 991 2576 1024 2638; x_wconf 88' lang='lat' dir='ltr'><strong>et</strong></span> <span class='ocrx_word' id='word_1_204' title='bbox 1044 2573 1198 2639; x_wconf 83' lang='lat' dir='ltr'><strong>renuntio.</strong></span> 
     </span>
    </p>

    <p class='ocr_par' dir='ltr' id='par_1_9' title="bbox 198 2679 1318 2978">
     <span class='ocr_line' id='line_1_23' title="bbox 245 2679 1317 2768; baseline -0.002 -23"><span class='ocrx_word' id='word_1_205' title='bbox 245 2684 294 2746; x_wconf 90' lang='lat'><strong>10.</strong></span> <span class='ocrx_word' id='word_1_206' title='bbox 317 2681 402 2747; x_wconf 81' lang='lat' dir='ltr'><strong>AUG.</strong></span> <span class='ocrx_word' id='word_1_207' title='bbox 422 2681 515 2749; x_wconf 84' lang='lat' dir='ltr'><strong>dixit:</strong></span> <span class='ocrx_word' id='word_1_208' title='bbox 539 2680 627 2746; x_wconf 88' lang='lat' dir='ltr'><strong>Dicis</strong></span> <span class='ocrx_word' id='word_1_209' title='bbox 648 2680 719 2747; x_wconf 89' lang='lat' dir='ltr'><strong>idco</strong></span> <span class='ocrx_word' id='word_1_210' title='bbox 740 2683 773 2745; x_wconf 89' lang='lat' dir='ltr'><strong>te</strong></span> <span class='ocrx_word' id='word_1_211' title='bbox 791 2699 852 2745; x_wconf 84' lang='lat' dir='ltr'><strong>non</strong></span> <span class='ocrx_word' id='word_1_212' title='bbox 871 2679 993 2744; x_wconf 90' lang='lat' dir='ltr'><strong>credere</strong></span> <span class='ocrx_word' id='word_1_213' title='bbox 1012 2679 1156 2762; x_wconf 86' lang='lat' dir='ltr'><strong>spiritum</strong></span> <span class='ocrx_word' id='word_1_214' title='bbox 1174 2682 1317 2768; x_wconf 87' lang='lat' dir='ltr'><strong>sanctum</strong></span> 
     </span>
     <span class='ocr_line' id='line_1_24' title="bbox 198 2785 1318 2872; baseline -0.004 -18"><span class='ocrx_word' id='word_1_215' title='bbox 198 2790 390 2872; x_wconf 85' lang='lat' dir='ltr'><strong>paracletum</strong></span> <span class='ocrx_word' id='word_1_216' title='bbox 416 2788 448 2852; x_wconf 91' lang='lat' dir='ltr'><strong>in</strong></span> <span class='ocrx_word' id='word_1_217' title='bbox 474 2788 574 2853; x_wconf 89' lang='lat' dir='ltr'><strong>Paulo</strong></span> <span class='ocrx_word' id='word_1_218' title='bbox 602 2788 744 2871; x_wconf 88' lang='lat' dir='ltr'><strong>apostolo</strong></span> <span class='ocrx_word' id='word_1_219' title='bbox 770 2785 880 2864; x_wconf 83' lang='lat' dir='ltr'><strong>fuisse,</strong></span> <span class='ocrx_word' id='word_1_220' title='bbox 909 2785 981 2868; x_wconf 86' lang='lat' dir='ltr'><strong>quio</strong></span> <span class='ocrx_word' id='word_1_221' title='bbox 1006 2785 1124 2850; x_wconf 88' lang='lat' dir='ltr'><strong>Paulus</strong></span> <span class='ocrx_word' id='word_1_222' title='bbox 1155 2785 1318 2868; x_wconf 85' lang='lat' dir='ltr'><strong>apostolus</strong></span> 
     </span>
     <span class='ocr_line' id='line_1_25' title="bbox 200 2892 1316 2978; baseline -0.006 -18"><span class='ocrx_word' id='word_1_223' title='bbox 200 2895 295 2962; x_wconf 81' lang='lat' dir='ltr'><strong>dixit:</strong></span> <span class='ocrx_word' id='word_1_224' title='bbox 324 2895 490 2978; x_wconf 86' lang='lat' dir='ltr'><strong>exparte</strong></span> <span class='ocrx_word' id='word_1_225' title='bbox 514 2892 608 2957; x_wconf 86' lang='lat' dir='ltr'><strong>enim</strong></span> <span class='ocrx_word' id='word_1_226' title='bbox 632 2892 771 2957; x_wconf 88' lang='lat' dir='ltr'><strong>scimus</strong></span> <span class='ocrx_word' id='word_1_227' title='bbox 795 2894 831 2957; x_wconf 89' lang='lat' dir='ltr'><strong>ct</strong></span> <span class='ocrx_word' id='word_1_228' title='bbox 853 2912 893 2957; x_wconf 88' lang='lat' dir='ltr'><strong>ex</strong></span> <span class='ocrx_word' id='word_1_229' title='bbox 914 2895 1019 2974; x_wconf 88' lang='lat' dir='ltr'><strong>parte</strong></span> <span class='ocrx_word' id='word_1_230' title='bbox 1040 2892 1316 2975; x_wconf 75' lang='lat' dir='ltr'><strong>prophetamus,</strong></span> 
     </span>
    </p>

    <p class='ocr_par' dir='ltr' id='par_1_10' title="bbox 157 2996 1319 3510">
     <span class='ocr_line' id='line_1_26' title="bbox 157 2996 1319 3084; baseline -0.003 -22"><span class='ocrx_word' id='word_1_231' title='bbox 157 3004 232 3066; x_wconf 78' lang='lat' dir='ltr'><strong>sset</strong></span> <span class='ocrx_word' id='word_1_232' title='bbox 261 3001 334 3065; x_wconf 89' lang='lat' dir='ltr'><strong>inde</strong></span> <span class='ocrx_word' id='word_1_233' title='bbox 364 3004 458 3084; x_wconf 87' lang='lat' dir='ltr'><strong>putas</strong></span> <span class='ocrx_word' id='word_1_234' title='bbox 490 2999 667 3080; x_wconf 82' lang='lat' dir='ltr'><strong>apostolum</strong></span> <span class='ocrx_word' id='word_1_235' title='bbox 696 3016 752 3081; x_wconf 89' lang='lat' dir='ltr'><strong>por</strong></span> <span class='ocrx_word' id='word_1_236' title='bbox 781 2997 858 3062; x_wconf 89' lang='lat' dir='ltr'><strong>hacc</strong></span> <span class='ocrx_word' id='word_1_237' title='bbox 888 2998 983 3062; x_wconf 89' lang='lat' dir='ltr'><strong>uerba</strong></span> <span class='ocrx_word' id='word_1_238' title='bbox 1013 2996 1202 3081; x_wconf 86' lang='lat' dir='ltr'><strong>praedixisse</strong></span> <span class='ocrx_word' id='word_1_239' title='bbox 1227 2997 1319 3060; x_wconf 86' lang='lat' dir='ltr'><strong>uolut</strong></span> 
     </span>
     <span class='ocr_line' id='line_1_27' title="bbox 200 3101 1317 3191; baseline -0.005 -19"><span class='ocrx_word' id='word_1_240' title='bbox 200 3108 297 3172; x_wconf 87' lang='lat' dir='ltr'><strong>alium</strong></span> <span class='ocrx_word' id='word_1_241' title='bbox 317 3109 486 3172; x_wconf 87' lang='lat' dir='ltr'><strong>uenturum</strong></span> <span class='ocrx_word' id='word_1_242' title='bbox 508 3109 581 3191; x_wconf 86' lang='lat' dir='ltr'><strong>post</strong></span> <span class='ocrx_word' id='word_1_243' title='bbox 602 3124 646 3184; x_wconf 87' lang='lat' dir='ltr'><strong>se,</strong></span> <span class='ocrx_word' id='word_1_244' title='bbox 666 3104 721 3188; x_wconf 92' lang='lat' dir='ltr'><strong>qui</strong></span> <span class='ocrx_word' id='word_1_245' title='bbox 737 3104 927 3187; x_wconf 84' lang='lat' dir='ltr'><strong>praedicaret</strong></span> <span class='ocrx_word' id='word_1_246' title='bbox 949 3103 1062 3180; x_wconf 90' lang='lat' dir='ltr'><strong>omnia,</strong></span> <span class='ocrx_word' id='word_1_247' title='bbox 1081 3101 1238 3186; x_wconf 84' lang='lat' dir='ltr'><strong>quasiste</strong></span> <span class='ocrx_word' id='word_1_248' title='bbox 1256 3121 1317 3167; x_wconf 88' lang='lat' dir='ltr'><strong>non</strong></span> 
     </span>
     <span class='ocr_line' id='line_1_28' title="bbox 199 3202 1318 3297; baseline -0.007 -18"><span class='ocrx_word' id='word_1_249' title='bbox 199 3214 313 3297; x_wconf 89' lang='lat' dir='ltr'><strong>potuit,</strong></span> <span class='ocrx_word' id='word_1_250' title='bbox 337 3214 410 3296; x_wconf 87' lang='lat' dir='ltr'><strong>quia</strong></span> <span class='ocrx_word' id='word_1_251' title='bbox 432 3233 467 3278; x_wconf 87' lang='lat' dir='ltr'><strong>ox</strong></span> <span class='ocrx_word' id='word_1_252' title='bbox 489 3216 576 3296; x_wconf 87' lang='lat' dir='ltr'><strong>parte</strong></span> <span class='ocrx_word' id='word_1_253' title='bbox 604 3211 744 3287; x_wconf 87' lang='lat' dir='ltr'><strong>dicebat;</strong></span> <span class='ocrx_word' id='word_1_254' title='bbox 773 3213 805 3275; x_wconf 88' lang='lat' dir='ltr'><strong>et</strong></span> <span class='ocrx_word' id='word_1_255' title='bbox 829 3210 913 3274; x_wconf 90' lang='lat' dir='ltr'><strong>hunc</strong></span> <span class='ocrx_word' id='word_1_256' title='bbox 938 3211 975 3273; x_wconf 86' lang='lat' dir='ltr'><strong>tu</strong></span> <span class='ocrx_word' id='word_1_257' title='bbox 1002 3208 1101 3273; x_wconf 88' lang='lat' dir='ltr'><strong>orodis</strong></span> <span class='ocrx_word' id='word_1_258' title='bbox 1129 3226 1198 3273; x_wconf 89' lang='lat' dir='ltr'><strong>esse</strong></span> <span class='ocrx_word' id='word_1_259' title='bbox 1219 3202 1318 3272; x_wconf 87' lang='lat' dir='ltr'><strong>Mani-</strong></span> 
     </span>
     <span class='ocr_line' id='line_1_29' title="bbox 201 3313 1318 3403; baseline -0.006 -18"><span class='ocrx_word' id='word_1_260' title='bbox 201 3319 347 3385; x_wconf 85' lang='lat' dir='ltr'><strong>chaeum..</strong></span> <span class='ocrx_word' id='word_1_261' title='bbox 372 3320 472 3403; x_wconf 86' lang='lat' dir='ltr'><strong>primo</strong></span> <span class='ocrx_word' id='word_1_262' title='bbox 496 3337 569 3403; x_wconf 86' lang='lat' dir='ltr'><strong>ergo</strong></span> <span class='ocrx_word' id='word_1_263' title='bbox 593 3337 628 3382; x_wconf 89' lang='lat' dir='ltr'><strong>ex</strong></span> <span class='ocrx_word' id='word_1_264' title='bbox 649 3318 719 3402; x_wconf 91' lang='lat' dir='ltr'><strong>ipsa</strong></span> <span class='ocrx_word' id='word_1_265' title='bbox 744 3316 879 3382; x_wconf 87' lang='lat' dir='ltr'><strong>lectione</strong></span> <span class='ocrx_word' id='word_1_266' title='bbox 906 3315 1040 3398; x_wconf 85' lang='lat' dir='ltr'><strong>apostoli</strong></span> <span class='ocrx_word' id='word_1_267' title='bbox 1067 3314 1208 3386; x_wconf 83' lang='lat' dir='ltr'><strong>ostendo.</strong></span> <span class='ocrx_word' id='word_1_268' title='bbox 1235 3313 1318 3378; x_wconf 90' lang='lat' dir='ltr'><strong>unde</strong></span> 
     </span>
     <span class='ocr_line' id='line_1_30' title="bbox 201 3419 1317 3510; baseline -0.006 -21"><span class='ocrx_word' id='word_1_269' title='bbox 201 3423 325 3490; x_wconf 88' lang='lat' dir='ltr'><strong>dicebat</strong></span> <span class='ocrx_word' id='word_1_270' title='bbox 345 3426 406 3492; x_wconf 90' lang='lat' dir='ltr'><strong>hoo</strong></span> <span class='ocrx_word' id='word_1_271' title='bbox 428 3426 600 3510; x_wconf 88' lang='lat' dir='ltr'><strong>apostolus.</strong></span> <span class='ocrx_word' id='word_1_272' title='bbox 633 3423 753 3502; x_wconf 86' lang='lat' dir='ltr'><strong>deinde,</strong></span> <span class='ocrx_word' id='word_1_273' title='bbox 776 3423 850 3504; x_wconf 90' lang='lat' dir='ltr'><strong>quia</strong></span> <span class='ocrx_word' id='word_1_274' title='bbox 872 3421 986 3499; x_wconf 86' lang='lat' dir='ltr'><strong>dixisti,</strong></span> <span class='ocrx_word' id='word_1_275' title='bbox 1010 3421 1094 3503; x_wconf 92' lang='lat' dir='ltr'><strong>quod</strong></span> <span class='ocrx_word' id='word_1_276' title='bbox 1114 3419 1317 3484; x_wconf 83' lang='lat' dir='ltr'><strong>Manichacus</strong></span> 
     </span>
    </p>

    <p class='ocr_par' dir='ltr' id='par_1_11' title="bbox 123 3520 1319 3610">
     <span class='ocr_line' id='line_1_31' title="bbox 123 3520 1319 3610; baseline -0.003 -18"><span class='ocrx_word' id='word_1_277' title='bbox 123 3520 131 3535; x_wconf 71' lang='grc'><strong>“</strong></span> <span class='ocrx_word' id='word_1_278' title='bbox 155 3551 182 3592; x_wconf 78' lang='lat' dir='ltr'><strong>so</strong></span> <span class='ocrx_word' id='word_1_279' title='bbox 200 3551 259 3598; x_wconf 93' lang='lat' dir='ltr'><strong>uos</strong></span> <span class='ocrx_word' id='word_1_280' title='bbox 281 3531 423 3598; x_wconf 84' lang='lat' dir='ltr'><strong>docuerit</strong></span> <span class='ocrx_word' id='word_1_281' title='bbox 443 3531 579 3610; x_wconf 87' lang='lat' dir='ltr'><strong>initium,</strong></span> <span class='ocrx_word' id='word_1_282' title='bbox 601 3530 741 3596; x_wconf 88' lang='lat' dir='ltr'><strong>medium</strong></span> <span class='ocrx_word' id='word_1_283' title='bbox 763 3530 796 3592; x_wconf 86' lang='lat' dir='ltr'><strong>ot</strong></span> <span class='ocrx_word' id='word_1_284' title='bbox 816 3528 910 3593; x_wconf 87' lang='lat' dir='ltr'><strong>finem</strong></span> <span class='ocrx_word' id='word_1_285' title='bbox 928 3530 961 3592; x_wconf 85' lang='lat' dir='ltr'><strong>st</strong></span> <span class='ocrx_word' id='word_1_286' title='bbox 978 3526 1133 3609; x_wconf 90' lang='lat' dir='ltr'><strong>quomodo</strong></span> <span class='ocrx_word' id='word_1_287' title='bbox 1151 3526 1205 3591; x_wconf 91' lang='lat' dir='ltr'><strong>uel</strong></span> <span class='ocrx_word' id='word_1_288' title='bbox 1223 3542 1319 3608; x_wconf 85' lang='lat' dir='ltr'><strong>quaro</strong></span> 
     </span>
    </p>

    <p class='ocr_par' dir='ltr' id='par_1_12' title="bbox 199 3631 1319 3716">
     <span class='ocr_line' id='line_1_32' title="bbox 199 3631 1319 3716; baseline -0.01 -12"><span class='ocrx_word' id='word_1_289' title='bbox 199 3639 302 3704; x_wconf 86' lang='lat' dir='ltr'><strong>factus</strong></span> <span class='ocrx_word' id='word_1_290' title='bbox 326 3638 368 3703; x_wconf 85' lang='lat' dir='ltr'><strong>sit</strong></span> <span class='ocrx_word' id='word_1_291' title='bbox 389 3639 536 3716; x_wconf 87' lang='lat' dir='ltr'><strong>muudus,</strong></span> <span class='ocrx_word' id='word_1_292' title='bbox 560 3636 598 3702; x_wconf 88' lang='lat' dir='ltr'><strong>do</strong></span> <span class='ocrx_word' id='word_1_293' title='bbox 621 3654 715 3702; x_wconf 87' lang='lat' dir='ltr'><strong>cursu</strong></span> <span class='ocrx_word' id='word_1_294' title='bbox 738 3634 814 3700; x_wconf 88' lang='lat' dir='ltr'><strong>solis</strong></span> <span class='ocrx_word' id='word_1_295' title='bbox 838 3637 869 3699; x_wconf 85' lang='lat' dir='ltr'><strong>ot</strong></span> <span class='ocrx_word' id='word_1_296' title='bbox 890 3634 982 3698; x_wconf 86' lang='lat' dir='ltr'><strong>lunae</strong></span> <span class='ocrx_word' id='word_1_297' title='bbox 1010 3634 1042 3697; x_wconf 87' lang='lat' dir='ltr'><strong>et</strong></span> <span class='ocrx_word' id='word_1_298' title='bbox 1069 3631 1107 3697; x_wconf 88' lang='lat' dir='ltr'><strong>do</strong></span> <span class='ocrx_word' id='word_1_299' title='bbox 1134 3631 1215 3711; x_wconf 87' lang='lat' dir='ltr'><strong>aliis,</strong></span> <span class='ocrx_word' id='word_1_300' title='bbox 1237 3641 1319 3714; x_wconf 83' lang='lat' dir='ltr'><strong>quae</strong></span> 
     </span>
    </p>
   </div>
   <div class='ocr_carea' id='block_1_3' title="bbox 289 3794 848 3892">
    <p class='ocr_par' dir='ltr' id='par_1_13' title="bbox 289 3794 848 3892">
     <span class='ocr_line' id='line_1_33' title="bbox 289 3794 848 3892; baseline -0.007 -10"><span class='ocrx_word' id='word_1_301' title='bbox 289 3827 414 3884; x_wconf 77' lang='lat'><strong>51001.</strong></span> <span class='ocrx_word' id='word_1_302' title='bbox 434 3827 476 3892; x_wconf 85' lang='lat'><strong>13,</strong></span> <span class='ocrx_word' id='word_1_303' title='bbox 495 3827 511 3881; x_wconf 86' lang='lat' dir='ltr'>o</span> <span class='ocrx_word' id='word_1_304' title='bbox 531 3869 536 3882; x_wconf 95' lang='lat'><em>.</em></span> <span class='ocrx_word' id='word_1_305' title='bbox 557 3826 589 3880; x_wconf 89' lang='lat' dir='ltr'><strong>1o</strong></span> <span class='ocrx_word' id='word_1_306' title='bbox 645 3826 678 3880; x_wconf 95' lang='lat' dir='ltr'><strong>1o</strong></span> <span class='ocrx_word' id='word_1_307' title='bbox 695 3824 752 3879; x_wconf 93' lang='lat' dir='ltr'>Ioh.</span> <span class='ocrx_word' id='word_1_308' title='bbox 771 3794 814 3888; x_wconf 79' lang='lat' dir='ltr'><strong>ro,</strong></span> <span class='ocrx_word' id='word_1_309' title='bbox 833 3826 848 3878; x_wconf 79' lang='lat' dir='ltr'><strong>r</strong></span> 
     </span>
    </p>
   </div>
   <div class='ocr_carea' id='block_1_4' title="bbox 202 3961 1320 4228">
    <p class='ocr_par' dir='ltr' id='par_1_14' title="bbox 202 3961 1320 4228">
     <span class='ocr_line' id='line_1_34' title="bbox 240 3961 1320 4050; baseline -0.012 -14"><span class='ocrx_word' id='word_1_310' title='bbox 240 3985 252 4036; x_wconf 84' lang='lat'>1</span> <span class='ocrx_word' id='word_1_311' title='bbox 272 3981 306 4036; x_wconf 84' lang='lat' dir='ltr'><strong>od</strong></span> <span class='ocrx_word' id='word_1_312' title='bbox 323 3980 352 4035; x_wconf 85' lang='lat' dir='ltr'><strong>id</strong></span> <span class='ocrx_word' id='word_1_313' title='bbox 369 3979 441 4050; x_wconf 88' lang='lat' dir='ltr'><strong>quod</strong></span> <span class='ocrx_word' id='word_1_314' title='bbox 455 3979 470 4032; x_wconf 83' lang='lat' dir='ltr'><strong><em>b</em></strong></span> <span class='ocrx_word' id='word_1_315' title='bbox 541 3977 558 4030; x_wconf 83' lang='lat'>6</span> <span class='ocrx_word' id='word_1_316' title='bbox 570 3974 767 4046; x_wconf 78' lang='lat' dir='ltr'><strong>prophetamus]</strong></span> <span class='ocrx_word' id='word_1_317' title='bbox 782 3973 946 4044; x_wconf 72' lang='lat' dir='ltr'><strong>predicamus</strong></span> <span class='ocrx_word' id='word_1_318' title='bbox 959 3972 1013 4028; x_wconf 84' lang='lat' dir='ltr'><strong>PR</strong></span> <span class='ocrx_word' id='word_1_319' title='bbox 1084 3974 1173 4026; x_wconf 80' lang='lat' dir='ltr'><strong>autem</strong></span> <span class='ocrx_word' id='word_1_320' title='bbox 1186 3961 1320 4037; x_wconf 82' lang='lat' dir='ltr'><strong>uoueritb</strong></span> 
     </span>
     <span class='ocr_line' id='line_1_35' title="bbox 202 4057 1319 4139; baseline -0.013 -14"><span class='ocrx_word' id='word_1_321' title='bbox 202 4070 308 4139; x_wconf 70' lang='lat' dir='ltr'><strong>ioum]</strong></span> <span class='ocrx_word' id='word_1_322' title='bbox 325 4068 395 4124; x_wconf 77' lang='lat' dir='ltr'><strong>uto</strong></span> <span class='ocrx_word' id='word_1_323' title='bbox 474 4068 506 4120; x_wconf 93' lang='grc'><strong>11</strong></span> <span class='ocrx_word' id='word_1_324' title='bbox 531 4064 594 4135; x_wconf 83' lang='lat' dir='ltr'><strong>quio</strong></span> <span class='ocrx_word' id='word_1_325' title='bbox 616 4067 644 4119; x_wconf 89' lang='lat' dir='ltr'><strong>et</strong></span> <span class='ocrx_word' id='word_1_326' title='bbox 664 4063 756 4134; x_wconf 81' lang='lat' dir='ltr'><strong>ipseo</strong></span> <span class='ocrx_word' id='word_1_327' title='bbox 835 4062 867 4116; x_wconf 87' lang='grc'><strong>21</strong></span> <span class='ocrx_word' id='word_1_328' title='bbox 887 4062 1011 4116; x_wconf 85' lang='lat' dir='ltr'><strong>renuncio</strong></span> <span class='ocrx_word' id='word_1_329' title='bbox 1029 4061 1056 4115; x_wconf 90' lang='lat' dir='ltr'><strong><em>P</em></strong></span> <span class='ocrx_word' id='word_1_330' title='bbox 1126 4061 1160 4113; x_wconf 97' lang='grc'><strong>22</strong></span> <span class='ocrx_word' id='word_1_331' title='bbox 1177 4061 1205 4113; x_wconf 86' lang='lat' dir='ltr'><strong>te</strong></span> <span class='ocrx_word' id='word_1_332' title='bbox 1223 4057 1319 4112; x_wconf 82' lang='lat' dir='ltr'><strong>idoob</strong></span> 
     </span>
     <span class='ocr_line' id='line_1_36' title="bbox 202 4146 1320 4228; baseline -0.012 -15"><span class='ocrx_word' id='word_1_333' title='bbox 202 4159 237 4213; x_wconf 85' lang='grc'><strong>23</strong></span> <span class='ocrx_word' id='word_1_334' title='bbox 255 4157 391 4228; x_wconf 87' lang='lat' dir='ltr'><strong>apostolus</strong></span> <span class='ocrx_word' id='word_1_335' title='bbox 408 4173 458 4211; x_wconf 89' lang='lat' dir='ltr'><strong>om.</strong></span> <span class='ocrx_word' id='word_1_336' title='bbox 476 4153 546 4210; x_wconf 81' lang='lat' dir='ltr'><strong>PRb</strong></span> <span class='ocrx_word' id='word_1_337' title='bbox 600 4153 634 4207; x_wconf 81' lang='lat'><strong>24</strong></span> <span class='ocrx_word' id='word_1_338' title='bbox 652 4151 718 4206; x_wconf 83' lang='lat' dir='ltr'><strong>dicit</strong></span> <span class='ocrx_word' id='word_1_339' title='bbox 734 4149 825 4206; x_wconf 81' lang='lat' dir='ltr'><strong><em>PRSb</em></strong></span> <span class='ocrx_word' id='word_1_340' title='bbox 878 4151 912 4204; x_wconf 83' lang='lat'><strong>26</strong></span> <span class='ocrx_word' id='word_1_341' title='bbox 925 4148 1014 4220; x_wconf 77' lang='lat' dir='ltr'><strong>ipseo</strong></span> <span class='ocrx_word' id='word_1_342' title='bbox 1066 4149 1100 4203; x_wconf 81' lang='lat'><strong>31</strong></span> <span class='ocrx_word' id='word_1_343' title='bbox 1111 4147 1144 4203; x_wconf 88' lang='lat' dir='ltr'><strong>de</strong></span> <span class='ocrx_word' id='word_1_344' title='bbox 1153 4146 1224 4217; x_wconf 82' lang='lat' dir='ltr'><strong>aliis]</strong></span> <span class='ocrx_word' id='word_1_345' title='bbox 1234 4146 1320 4202; x_wconf 84' lang='lat' dir='ltr'><strong>oliisb</strong></span> 
     </span>
    </p>
   </div>
   <div class='ocr_carea' id='block_1_5' title="bbox 0 0 1481 4628">
    <p class='ocr_par' dir='ltr' id='par_1_15' title="bbox 0 0 1481 4628">
     <span class='ocr_line' id='line_1_37' title="bbox 0 0 1481 4628; baseline 0 0"><span class='ocrx_word' id='word_1_346' title='bbox 0 0 1481 4628; x_wconf 95' lang='lat' dir='ltr'><strong> </strong></span> 
     </span>
    </p>
   </div>
  </div>
 </body>
</html>
