2940 4628
477 1261 828 1371 PRAEFATIO.

134 1547 310 1627 Antequam
334 1547 467 1623 codices,
492 1565 622 1627 quorum
646 1544 707 1608 fide
734 1547 884 1610 memoria
911 1565 1017 1610 eorum
1046 1564 1124 1626 quae
1151 1546 1213 1610 edi·

90 1655 181 1715 turus
215 1671 285 1718 sum
316 1651 488 1734 Augustini
520 1667 648 1732 operum
680 1649 804 1728 nititur,
841 1652 933 1743 atque
966 1667 1018 1713 eas
1051 1651 1214 1729 editiones,

91 1757 205 1838 quibus
228 1755 476 1819 emendationem
499 1755 674 1836 promotam
697 1772 766 1817 esse
788 1753 990 1817 manifestum
1013 1757 1071 1831 est,
1090 1773 1214 1820 enume-

90 1880 157 1926 rare
182 1864 213 1925 et
235 1879 359 1925 oensem
384 1860 555 1944 aggrediar,
582 1859 809 1941 praemonenda
834 1858 913 1922 mihi
935 1859 1086 1939 quaedam
1108 1860 1214 1924 uiden-

90 1962 153 2045 tur,
176 1987 237 2031 non
260 1968 297 2030 ut
320 1984 412 2047 quam
435 1967 587 2030 rationem
609 1965 641 2027 in
665 1968 729 2028 arte
758 1965 865 2029 critica
891 1963 1061 2029 factitando
1087 1968 1214 2030 secutus

91 2073 151 2138 sim
175 2070 337 2137 ostendam
359 2088 497 2133 —nam
520 2069 599 2133 mihi
625 2087 687 2135 non
714 2089 796 2156 noua
827 2071 880 2133 uia
909 2069 1111 2154 ingredienda
1138 2075 1213 2148 erat,

91 2177 147 2242 sed
164 2176 330 2242 tritissima
347 2175 484 2258 uestigia
500 2178 679 2258 premebam
697 2213 739 2222 —
759 2176 814 2240 sed
836 2178 874 2239 ut
896 2194 1026 2258 quorum
1048 2176 1081 2239 in
1103 2194 1214 2240 manus

91 2283 219 2372 libellus
243 2281 414 2358 deuenerit,
438 2299 492 2345 eos
516 2278 662 2345 edoceam
686 2284 718 2345 et
740 2300 818 2362 quae
842 2301 913 2346 eum
935 2280 1091 2363 prioribus
1119 2281 1214 2347 edito·

91 2389 178 2452 ribus
206 2387 387 2452 retinuerim
416 2388 447 2449 et
472 2385 505 2449 in
533 2385 647 2466 quibus
674 2386 768 2451 rebus
792 2405 917 2452 amore
939 2386 1093 2452 tralaticio
1116 2407 1215 2452 reces-

93 2494 198 2558 serim.
237 2494 330 2574 atque
369 2491 493 2556 seruaui
529 2489 668 2555 ordinem
700 2491 923 2573 opusculorum
955 2510 974 2554 a
1003 2491 1219 2564 Ben‘edictinis

92 2599 276 2662 institutum
318 2596 506 2678 eosdemque
541 2596 574 2659 in
610 2595 764 2660 diuisione
806 2597 972 2660 obseruata
1009 2597 1041 2661 in
1082 2599 1215 2682 siugulis

94 2703 218 2786 scriptis
251 2703 295 2765 ita
327 2720 397 2765 sum
429 2703 567 2779 secutus,
600 2703 637 2764 ut
668 2701 806 2784 capitula
835 2703 1025 2781 retinuerim,
1061 2723 1121 2768 non
1153 2724 1214 2785 quo

93 2809 172 2871 mihi
195 2827 229 2871 ex
253 2807 337 2872 omni
358 2809 445 2890 parte
467 2807 523 2870 illa
544 2808 727 2889 probaretur
748 2844 791 2855 —
814 2809 863 2872 est
890 2809 972 2872 enim
1000 2827 1215 2896 nonnusquam

94 2913 342 2994 peruersissima,
365 2913 468 2977 ueluti
491 2932 563 2977 cum
586 2912 617 2976 in
639 2913 719 2978 libro
743 2916 780 2978 de
803 2913 863 2978 fide
887 2917 993 2979 contra
1015 2914 1215 2981 Manichaeos

95 3037 161 3100 cap.
185 3019 226 3081 47
259 3018 432 3083 sententiae
463 3018 617 3102 posterior
642 3038 713 3102 pars
742 3038 760 3082 a
785 3020 886 3103 priore
914 3019 1070 3084 dirimitur
1093 3021 1222 3084 —sed

93 3143 131 3187 ne
154 3124 327 3206 legentium
350 3125 566 3189 commoditati
587 3125 754 3207 partitione
777 3144 859 3189 noua
881 3124 1046 3201 afficerem,
1073 3139 1215 3208 paragra-

93 3228 173 3310 phos
193 3232 319 3312 excepto
338 3229 418 3294 libro
437 3229 475 3294 de
492 3229 630 3294 utilitate
649 3230 794 3295 credendi
812 3230 988 3305 omiserim3
1011 3229 1044 3293 in
1063 3231 1215 3312 opusculo

94 3323 177 3415 quod
205 3336 254 3398 est
281 3335 318 3398 de
347 3335 469 3400 duabus
498 3337 661 3400 animabus
687 3337 792 3400 nescio
820 3355 881 3418 quo
908 3335 1001 3425 modo
1029 3335 1152 3413 accidit,
1179 3339 1216 3399 ut

93 3459 149 3521 pro
174 3441 383 3523 capitulorum
406 3441 544 3506 numeris
566 3442 688 3507 numeri
709 3442 972 3526 paragraphorum
999 3441 1215 3505 retinerentur.

95 3564 113 3608 a
135 3564 197 3626 qua
219 3546 373 3610 diuisione
395 3548 451 3611 ubi
473 3548 569 3613 editio
592 3549 736 3632 princeps
759 3548 903 3626 discedit,
928 3548 961 3611 in
989 3548 1138 3630 apparatu
1160 3547 1216 3611 cri-

94 3650 156 3714 tico
185 3651 342 3716 adnotaui.
374 3652 454 3717 hanc
484 3672 551 3719 rem
583 3672 652 3719 eam
682 3656 721 3720 ob
753 3674 880 3719 causam
907 3652 1032 3718 silentio
1058 3671 1120 3718 non
1146 3672 1215 3727 csse

75 3759 403 3839 *praetermittendam
418 3760 500 3839 duxi,
515 3760 599 3842 quod
611 3760 643 3824 in
659 3761 786 3845 optimis
805 3761 965 3827 codicibus
982 3777 1045 3824 uno
1063 3760 1216 3842 opusculo

95 3862 179 3941 quod
210 3865 318 3928 contra
348 3865 552 3934 Adimantum
586 3867 769 3933 inscribitur
803 3869 931 3950 excepto
964 3863 1128 3930 diuisionis
1159 3885 1217 3932 nec

95 3967 169 4030 uola
189 3987 246 4032 nec
269 3969 442 4054 uestigium
466 3975 576 4039 exstat.
607 3973 639 4037 in
667 3973 780 4052 titulis,
809 3993 887 4056 quos
914 3971 1048 4056 singulis
1071 3972 1215 4053 operibus

96 4072 273 4154 scriberem,
293 4076 480 4157 aprion'bus
504 4078 675 4144 editoribus
697 4081 735 4143 ut
755 4078 931 4144 recederem
955 4097 1026 4144 cum
1053 4076 1216 4144 breuitatis

147 4213 211 4252 xxv⁴
228 4215 287 4263 Aur.
300 4221 354 4256 scer.
369 4215 389 4254 6.
1134 4215 1149 4252 a
