2940 4628
219 261 381 326 LXXVIII
678 260 894 315 Praefatio.

115 524 118 531 ,
218 439 366 539 negatum
389 457 447 519 est.
480 472 558 537 quac
590 454 785 537 disceptatio,
818 455 879 520 etsi
909 455 960 519 hio
991 474 1041 520 res
1074 457 1165 520 aliter
1196 475 1230 521 se
1252 455 1348 520 habet

219 563 311 643 atque
343 560 375 624 in
404 580 440 625 eo
472 560 552 625 libro
582 560 620 625 dc
647 579 708 642 quo
732 579 826 643 supra
849 562 981 645 egimus,
1010 581 1070 626 non
1093 562 1215 628 facilior
1237 563 1287 626 est
1309 560 1348 625 ad

219 667 405 732 soluendum
438 669 531 748 atque
563 667 732 743 eiusmodi,
769 669 807 730 ut
842 686 910 732 eam
946 686 1094 750 umquam
1133 669 1279 736 omnihus
1312 689 1348 734 11

217 773 358 856 partibus
383 773 577 838 enubilatum
608 772 646 837 iri
669 773 840 856 desperem,
873 772 934 837 nisi
956 772 1035 838 forte
1062 793 1145 839 noua
1167 774 1348 841 testimonia

219 881 372 944 eruentur.
388 899 460 944 narn
474 898 547 944 cum
565 879 626 943 alia
644 883 827 962 argumenta
844 882 994 962 prostent,
1014 898 1092 962 quae
1111 880 1347 947 1111111011-

220 986 421 1052 monitorium
439 986 617 1070 Augustino
640 985 903 1064 11111111111111,
927 985 1004 1050 aliae
1028 989 1184 1065 suntme,
1207 1005 1286 1069 quae
1308 1006 1348 1052 11

218 1093 251 1157 id
264 1092 360 1157 facias
376 1091 505 1156 suadere
519 1090 692 1157 uideantur.
705 1094 797 1172 etque
808 1090 930 1156 codices
940 1109 1002 1156 uno
1013 1110 1167 1157 consensu
1176 1092 1347 1176 Augustini

217 1218 296 1282 opus
320 1217 388 1264 esse
411 1200 576 1263 testantur.
600 1197 730 1276 accedit,
754 1197 838 1279 quod
859 1197 941 1262 inter
961 1195 1172 1282 Augustinum
1198 1200 1230 1263 et
1247 1199 1347 1262 Mani-

218 1306 331 1370 chaecs
362 1305 441 1369 tales
472 1303 609 1369 rationes
639 1303 854 1369 intercessisse
890 1304 1057 1369 memoriae
1094 1305 1253 1388 proditum
1287 1308 1346 1384 est,

219 1411 333 1495 quibus
357 1430 430 1475 eum
452 1410 583 1474 maxime
606 1409 753 1475 idoneum
776 1409 885 1489 fuisse,
918 1410 972 1492 qui
998 1410 1143 1476 libellum
1166 1411 1256 1477 cuius
1279 1431 1347 1477 sen-

217 1518 317 1583 tentia
339 1518 449 1583 eodem
472 1519 594 1600 spectat
626 1516 792 1580 conficeret
820 1515 888 1581 ueri
920 1516 1116 1581 simillimum
1142 1517 1207 1581 fiat.
1231 1517 1346 1582 etenim

217 1625 431 1711 Augustinum
445 1644 506 1689 non
521 1623 624 1689 solum
634 1623 819 1687 acerrimum
832 1642 943 1688 uerum
954 1623 1049 1688 etiam
1058 1623 1346 1708 ingeniosissimum

216 1732 473 1797 Manichaeorum
496 1729 709 1794 aduersarium
732 1729 830 1806 fuisse
854 1732 887 1793 11
908 1729 963 1812 qui
985 1748 1056 1794 cum
1080 1728 1346 1812 disputationibus

216 1840 287 1902 tum
308 1835 546 1902 uacationibus
565 1838 658 1917 atque
677 1835 772 1900 etiam
790 1835 1031 1919 magistratuum
1049 1835 1162 1900 auxilio
1180 1834 1347 1918 implorato

216 1945 250 2009 id
274 1945 389 2027 agerat,
412 1961 451 2007 ne
473 1941 737 2007 Manichaeismus
759 1940 990 2026 propagaretur
1022 1941 1121 2020 1111,
1144 1941 1199 2024 qui
1219 1941 1346 2006 illorum

217 2049 312 2115 fidem
334 2048 558 2132 profiterentur,
591 2050 646 2111 aut
666 2048 857 2130 pellerentur
887 2050 943 2111 aut
974 2047 1012 2111 ad
1044 2047 1230 2111 catholicam
1252 2046 1346 2111 fidem

217 2157 472 2222 conuerterantur
494 2153 563 2236 quis
588 2156 637 2218 est
658 2153 712 2236 qui
733 2153 879 2221 nesciat?
910 2152 993 2218 idem
1024 2152 1103 2216 mira
1124 2152 1274 2217 felicitate
1297 2154 1347 2218 est

218 2281 307 2340 usus,
331 2262 368 2325 ut
389 2260 541 2344 plurimos
573 2259 773 2324 Manichacus
805 2259 844 2323 ad
876 2258 1047 2324 catholicae
1079 2258 1228 2324 ecclesiae
1250 2258 1347 2324 ubera
1378 2264 1380 2267 ’

165 2391 168 2398 ’
216 2367 387 2445 reduceret,
419 2370 456 2431 ut
478 2365 660 2449 aptissimus
689 2367 782 2444 esset,
815 2365 868 2447 qui
900 2383 936 2429 ea
966 2364 1170 2447 praeuideret
1204 2383 1282 2446 quas
1304 2364 1345 2429 ad

216 2473 371 2538 haeresim
392 2472 542 2537 radicitus
564 2471 735 2537 tollendam
757 2473 908 2551 ualerent,
931 2491 1004 2538 cum
1025 2469 1216 2554 praesertim
1229 2490 1344 2536 nouem

217 2579 280 2644 fare
303 2598 400 2644 annos
422 2579 503 2643 inter
523 2579 725 2644 Manichaeos
748 2578 899 2645 auditoris
922 2579 1046 2644 nomine
1068 2581 1213 2643 uersatus
1232 2578 1343 2643 aeteus

217 2685 330 2750 melius
349 2704 455 2752 eorum
475 2685 645 2750 doctrinam
664 2685 821 2769 cognitam
839 2686 968 2750 haberet
986 2690 1080 2767 atque
1098 2684 1168 2749 aliis
1188 2683 1343 2767 episcopis

215 2791 369 2856 Africanis
400 2790 515 2854 mirum
547 2793 698 2873 quantum
730 2790 916 2855 auctoritate
938 2792 1120 2872 praestaret.
1153 2808 1342 2872 quamquam

216 2896 299 2960 haud
321 2897 429 2980 ignoro
451 2897 510 2961 hoc
542 2899 737 2988 argumento
755 2896 790 2960 in
818 2898 983 2978 utramque
1013 2898 1133 2979 partem
1156 2898 1188 2961 te
1219 2896 1268 2959 uti
1289 2894 1343 2960 uel

139 3016 142 3020 ·
215 3003 322 3087 potius
344 3003 432 3068 abuti
452 3021 555 3086 posse.
587 3002 642 3066 alii
665 3002 757 3081 anim,
791 3002 845 3085 qui
874 3002 907 3066 in
937 3002 994 3067 tali
1025 3022 1058 3067 re
1082 3002 1225 3069 codicum
1246 3001 1342 3066 fidem

213 3128 342 3193 paruam
380 3128 449 3174 esse
486 3110 642 3187 censeant,
680 3108 747 3173 eius
783 3109 883 3192 ipsius
920 3109 1110 3175 condicionis
1148 3127 1227 3192 quae
1260 3109 1342 3172 inter

213 3215 426 3300 Augustinum
450 3215 482 3279 et
502 3213 703 3280 Manichacos
733 3213 828 3278 fuerit
857 3232 1026 3279 memorem
1057 3214 1218 3279 falsarium
1251 3212 1341 3279 Gom-

215 3321 380 3403 monitorio
401 3319 573 3404 Augustini
594 3339 706 3386 nomen
724 3319 902 3403 praefixisse
920 3320 1128 3386 affirmabunt.
1153 3320 1207 3384 alii
1224 3322 1340 3398 autem,

215 3427 324 3510 quiin
348 3425 573 3510 disceptatione
596 3426 749 3492 soluenda
771 3445 850 3508 quae
877 3426 910 3490 in
937 3445 973 3492 eo
997 3429 1055 3505 est,
1084 3429 1190 3490 utrum
1214 3425 1341 3509 aliquod

215 3553 294 3618 opus
313 3535 397 3600 certo
416 3532 540 3598 cuidam
559 3532 678 3598 auctori
696 3532 912 3598 ascribendum
930 3551 969 3597 an
987 3532 1025 3596 ab
1045 3552 1081 3599 eo
1099 3531 1340 3597 abiudicandum
1370 3594 1386 3612 „

215 3640 266 3719 sit,
298 3639 374 3722 quid
397 3639 520 3705 codices
543 3626 700 3704 testentur
721 3638 829 3723 magni
850 3637 1027 3704 faciendum
1051 3657 1120 3704 esse
1143 3638 1340 3718 arbitrentur,

212 3747 285 3811 illas
316 3745 453 3810 rationes
483 3746 567 3809 recte
604 3744 790 3810 aestimatas
819 3763 965 3827 magnam
1005 3744 1071 3809 uim
1106 3744 1219 3809 habere
1254 3744 1339 3809 haud

213 3849 369 3922 immerito
392 3848 589 3914 contendent
613 3849 697 3931 quod
718 3850 936 3933 argumentum
964 3868 1036 3913 cum
1058 3868 1119 3914 non
1142 3849 1220 3914 satis
1243 3869 1338 3933 graue

214 3956 368 4035 uideatur,
390 3954 583 4020 redeundum
616 3957 664 4020 est
686 3955 726 4020 ad
748 3955 818 4021 alia.
842 3960 936 4037 atque
957 3954 1173 4040 Augustinum
1196 3954 1339 4022 Commo·

213 4062 325 4126 nitoria
348 4060 519 4127 confecisse
538 4061 685 4144 scriptum
703 4061 848 4148 legimus.
873 4065 955 4127 certe
972 4081 1071 4126 unum
1085 4060 1247 4144 scripsisse
1266 4081 1338 4126 eum

212 4168 304 4233 testis
320 4169 369 4232 cst
381 4166 506 4231 Baronii
519 4166 687 4230 Annalium
701 4167 983 4232 ecclesiasticorum
997 4168 1128 4234 historia
1139 4170 1215 4234 tom.
1230 4167 1259 4232 V
1274 4169 1338 4233 274
