2940 4628
565 267 778 322 Praefatio·
1123 271 1240 338 11111

114 453 201 521 Secti
223 457 260 522 de
281 457 455 540 depositae
478 460 623 541 quicquid
644 459 734 537 licea·
756 461 821 525 solo
842 483 889 526 rrre
912 464 946 526 irc
969 464 1063 528 oraclis
1094 464 1143 529 dei
1173 485 1241 528 corr-

113 563 242 627 scientio
263 583 326 627 nore
348 568 466 628 oemset
487 564 570 649 (pag.
595 567 671 645 905,
697 568 738 632 15
761 566 792 632 h.
817 566 915 654 edit).

157 669 358 753 Relinquitur
378 670 486 756 igitur,
509 673 547 735 nt
563 672 709 745 ,codicem
732 672 958 740 Oamutensem
986 694 1154 757 sequamur
1178 696 1239 742 non

114 778 276 858 tamquam
298 779 413 842 testem
437 777 522 842 omni
543 777 604 843 fide
628 778 768 862 dignum,
792 779 849 845 sed
869 783 1032 862 tamquam
1060 783 1163 846 solum
1186 781 1241 865 qui

114 882 304 966 suppeditet.
328 887 434 953 tamen
457 884 525 949 eius
548 903 606 967 cpe
628 886 691 949 iam
710 885 922 951 Benedictinis
941 887 1075 972 contigit
1091 890 1128 951 ut
1146 886 1240 972 scrip·

113 989 191 1055 toris
214 989 320 1054 uerbis
343 990 488 1072 plurimis
510 992 589 1057 loeis
612 991 826 1076 integritatem
848 993 1059 1060 restituerent.

158 1095 227 1160 Hoc
250 1097 320 1161 loco
343 1114 443 1179 pauca
466 1096 618 1178 quaedam
641 1097 753 1163 addere
771 1098 850 1164 libet
868 1099 906 1164 de
924 1099 1053 1178 ratione,
1073 1119 1135 1182 qua
1150 1102 1240 1166 locus

117 1201 191 1280 929,
216 1203 236 1266 6
268 1220 286 1265 a
312 1201 438 1269 librario
466 1204 552 1268 male.
576 1207 717 1269 exaratus
744 1205 822 1269 mihi
849 1205 951 1270 sanari
982 1224 1074 1288 posse
1104 1206 1240 1272 uidetur.
1326 1253 1328 1256 -

119 1306 201 1388 Quid
221 1310 265 1371 est
284 1309 366 1371 ictor
387 1312 495 1371 coneto
516 1309 654 1374 risibilia
670 1311 728 1374 isto
749 1310 809 1375 soie
825 1311 1047 1393 praeclarius?
1064 1315 1098 1376 ot
1113 1313 1143 1377 ai
1160 1314 1242 1392 peres·

115 1435 207 1496 qrrom
239 1415 303 1478 eius
330 1415 424 1484 locem
453 1415 673 1481 imnoderaacs
704 1420 906 1499 conceperam,
933 1418 1027 1498 infert
1052 1419 1118 1483 auis
1148 1418 1242 1483 oeulis

116 1519 191 1584 teilo
221 1521 391 1604 impioram
411 1521 441 1585 si
462 1521 599 1602 aliquam
624 1526 800 1602 potestatem
825 1527 956 1588 normas
982 1544 1044 1604 quo
1064 1526 1165 1606 possit
1185 1527 1241 1589 im·

110 1628 196 1710 plere
218 1628 299 1708 qaod
319 1629 439 1709 appetit
457 1628 564 1693 domm
585 1649 688 1693 eorum
709 1629 866 1710 adpositos
886 1632 953 1694 sors
973 1629 1114 1712 terrestris
1135 1631 1242 1695 ocimo

116 1754 174 1816 quo
195 1735 299 1798 mireris
320 1735 366 1799 sol
381 1735 556 1814 pesecutio
573 1737 638 1800 eiras
656 1755 691 1818 eq
708 1738 859 1819 apertiore
874 1733 1051 1816 pertendat.
1070 1737 1117 1803 sic
1135 1736 1241 1802 codice

116 1839 261 1906 traditus.
294 1841 367 1905 huic
397 1843 467 1907 loco
500 1861 574 1906 sane
605 1843 727 1908 difficili
756 1847 789 1908 et
819 1843 930 1909 multis
957 1843 1063 1909 modis
1085 1842 1241 1909 iniirscatc

115 1948 233 2031 priores
257 1947 393 2014 editores
415 1949 460 2013 ita
482 1949 603 2030 aliquid
623 1949 754 2014 luminis
776 1949 936 2015 admoueri
957 1969 1051 2033 posse
1076 1949 1137 2016 sibi
1154 1948 1240 2014 uide·

116 2054 230 2118 bantur
257 2071 376 2132 omnes,
403 2055 441 2116 ut
466 2055 539 2136 post
565 2072 677 2118 uocem
705 2073 784 2136 quae
811 2056 861 2119 est
882 2054 1027 2126 fenestris
1049 2054 1243 2120 inculcarent

116 2159 232 2240 opertis
253 2159 420 2234 intueatur,
444 2178 554 2224 uocem
576 2159 684 2223 ocimo
700 2160 901 2226 trucidarent.
921 2179 1014 2243 quam
1033 2160 1243 2227 coniecturam

118 2266 341 2348 explodendam
369 2285 438 2332 esse
464 2284 525 2331 non
553 2267 603 2331 cst
629 2285 685 2331 cur
709 2266 852 2349 pluribus
880 2265 1018 2332 doceam.
1043 2284 1116 2331 cum
1138 2265 1241 2346 amici,

71 2442 73 2446 ,
116 2393 194 2457 quos
217 2376 255 2438 ut
276 2373 431 2438 medelam
452 2374 522 2442 loco
545 2373 665 2465 lubrico
690 2373 902 2457 excogitarent
922 2373 1042 2457 rogaui,
1066 2373 1135 2437 sani
1156 2373 1241 2456 quic-

116 2500 210 2563 quam
242 2479 384 2545 extricari
413 2499 507 2563 posse
539 2479 739 2563 desperarent
768 2498 869 2562 neque
895 2479 963 2563 ipse
986 2478 1071 2562 quod
1097 2479 1241 2559 omnibus

115 2585 252 2651 numeris
267 2585 346 2650 mihi
358 2585 540 2669 probaretur
553 2585 736 2662 inuenirem,
746 2585 832 2650 uiros
849 2583 1050 2650 doctissimos
1061 2583 1095 2650 O.
1106 2584 1242 2651 Schenkl

118 2694 150 2756 et
173 2690 210 2757 G.
234 2691 345 2756 Hartel
368 2691 441 2770 adii,
465 2710 598 2774 quorum
620 2691 675 2756 ille
692 2691 799 2756 locum
821 2691 1007 2756 lacunosum
1030 2690 1077 2756 sic
1099 2690 1132 2755 in
1154 2692 1242 2754 textu

115 2798 329 2883 retingendum
353 2817 422 2864 esse
445 2798 606 2881 opinatur:
626 2850 634 2865 .
655 2847 663 2860 .
683 2847 691 2862 .
710 2799 826 2878 appetit
844 2850 852 2863 .
872 2846 880 2863 .
900 2847 908 2862 .
932 2797 1039 2861 domus
1069 2797 1243 2860 uicinorum

115 2943 158 2952 —
180 2905 321 2985 feratis
344 2952 351 2968 .
376 2956 384 2971 .
410 2956 417 2969 .
440 2905 548 2968 ocimo
577 2923 636 2985 quo
666 2905 769 2968 micas
798 2923 873 2984 sqq„
900 2902 952 2968 hic
978 2922 1053 2969 uero
1084 2901 1240 2968 litterulas

116 3011 236 3095 aliquot
258 3011 374 3076 addens
397 3011 443 3076 sic
460 3012 566 3075 locum
584 3011 692 3095 reponi
708 3010 815 3075 iubet:
830 3047 873 3056 —
888 3010 1058 3092 iarpieram
1079 3009 1181 3095 <oi)si
1197 3046 1242 3054 -

18 3190 19 3195 .
115 3117 253 3199 irapiore,
294 3117 375 3198 quod
413 3119 529 3198 oppetit
568 3117 674 3180 domus
713 3116 886 3180 eimaorum
922 3152 966 3162 —
1001 3116 1122 3190 mireo,
1163 3113 1245 3195 qood

115 3225 219 3288 minas
245 3241 314 3306 sqq.
341 3223 519 3307 posthanc
547 3223 632 3287 uiam
658 3221 737 3286 mihi
765 3223 971 3287 monstratam
993 3221 1107 3285 iterum
1131 3218 1243 3302 ecquid

116 3350 255 3396 eruerem
277 3331 419 3415 cogitans
441 3331 567 3413 propter
589 3328 835 3412 comparatiuum
859 3327 915 3411 qui
932 3330 982 3393 est
1003 3327 1154 3408 apertiore
1176 3343 1241 3390 cor-

114 3437 256 3519 ruptelae
288 3436 395 3501 sedem
426 3437 458 3500 in
489 3454 567 3501 uoce
591 3435 757 3517 quominus
782 3453 851 3499 esse
880 3433 1047 3498 arbitratus
1070 3431 1244 3497 secundum

114 3542 290 3608 litterarum
319 3541 423 3625 apices
449 3541 610 3606 librarium
636 3559 691 3624 pro
723 3539 902 3605 coramioait
927 3576 971 3586 -
999 3557 1041 3621 qu
1069 3539 1101 3603 et
1128 3557 1144 3603 c
1171 3537 1242 3602 aliis

116 3666 242 3732 quoque
271 3648 351 3713 locis
383 3647 531 3714 confundi
562 3665 657 3727 supra
686 3645 826 3724 uidimus
848 3682 893 3694 -—
916 3646 1067 3728 sequente
1100 3643 1243 3708 slittera

114 3755 276 3835 quominus
294 3753 457 3836 scripsisse
476 3755 508 3818 et
526 3753 710 3835 sequentem
730 3742 980 3817 coniunctionem
999 3751 1079 3833 ‚quo'
1095 3749 1241 3815 omisisse

113 3860 235 3944 putaui,
257 3863 295 3924 ut
315 3860 394 3923 hanc
417 3859 626 3924 coniecturam
638 3858 671 3922 in
684 3859 771 3922 textu
788 3857 894 3922 locum
913 3875 1063 3940 occupare
1084 3853 1241 3931 iusserim.

115 3985 209 4049 quam
241 3965 454 4037 coniecturam
476 3983 515 4029 ne
545 3962 625 4029 mihi
657 3962 785 4044 quidem
816 3962 994 4028 satisfacere
1023 3981 1084 4028 non
1113 3962 1162 4026 est
1189 3979 1244 4025 cur

116 4071 258 4136 diffitear.
282 4090 354 4148 nam
378 4090 450 4135 cum
473 4069 613 4135 uiderem
630 4088 743 4136 uocem
761 4068 994 4133 cromatius
1016 4066 1243 4152 significatione

115 4177 213 4260 accipi
235 4196 297 4242 non
319 4194 413 4260 posse
436 4175 581 4240 damnare
605 4193 674 4240 eam
697 4178 825 4241 coactus
849 4193 932 4241 sum.

1142 4295 1172 4347 a*
