2940 4628
408 275 475 330 vn:
497 275 639 332 Contra
665 277 833 332 Felicem
862 279 926 333 lib.
953 279 975 334 1.
1184 283 1249 347 817

128 472 272 536 fendatur
304 475 336 537 et
366 473 490 556 legatur
519 471 575 535 illa
606 472 758 554 epistula,
791 472 974 554 uideamus,
1007 474 1034 540 si
1065 475 1117 539 uel
1149 476 1251 539 cetera

128 583 262 661 possunt
284 578 417 657 defendi,
442 578 469 643 si
491 579 523 642 in
545 578 614 661 ipso
636 577 726 643 initio
750 571 913 657 defecisti:
936 584 992 644 ant
1013 580 1041 646 si
1062 579 1141 645 dicis
1163 582 1195 644 te
1217 580 1250 644 in

128 684 183 749 illo
207 704 267 749 non
292 684 455 762 defecisse,
478 684 575 767 proba
596 684 687 750 nobis
710 684 866 766 quomodo
890 685 933 750 sit
953 685 1156 750 Manichacus
1179 703 1250 768 apo·

129 791 230 855 stolus
255 790 382 857 Christi.

98 912 111 954 c
173 900 224 962 14.
251 897 332 963 Fun.
356 898 449 962 dixit:
480 897 623 963 Christus
647 897 724 961 dixit
747 898 889 981 spiritum
915 903 1057 964 sanctum
1080 897 1250 963 missurum

127 1021 171 1080 se,
196 1004 302 1086 quiin
327 1023 450 1069 omnem
473 1004 638 1068 ueritatem
661 1003 800 1068 inducat.

169 1108 255 1176 ΑΗΘ.
283 1109 377 1174 dixit:
412 1108 445 1175 Si
471 1109 568 1174 habes
595 1109 696 1187 illum,
725 1109 867 1186 adtende,
900 1109 983 1191 quod
1009 1112 1041 1175 te
1066 1109 1249 1178 iamdudum

128 1215 327 1300 interrogaui.
361 1216 467 1281 dixisti
490 1215 572 1280 enim
595 1215 634 1279 ad
655 1214 755 1299 ipsius
779 1214 951 1280 doctinam
973 1215 1127 1299 pertinere
1155 1214 1250 1279 etiam

127 1320 190 1386 ista
216 1321 373 1386 mundana
400 1339 620 1404 cognoscere.
645 1319 695 1385 dic
725 1319 822 1384 mihi:
857 1323 933 1402 quot
965 1322 1038 1386 sunt
1069 1319 1189 1399 stellae,
1222 1319 1250 1385 si

87 1425 325 1492 reintroductus
350 1446 383 1492 es
405 1427 437 1490 in
459 1426 554 1491 istam
578 1445 701 1490 omnem
725 1424 916 1489 ueritatem?

171 1533 250 1598 FML.
274 1532 369 1597 dixit:
402 1533 443 1596 lot
465 1551 523 1616 ego
548 1531 627 1610 dico,
651 1531 733 1613 qnia,
758 1531 786 1596 si
806 1532 983 1614 paracletus
1009 1550 1065 1615 per
1089 1532 1249 1615 apostolos

126 1638 253 1704 locutus
278 1641 335 1716 est,
360 1642 392 1704 et
413 1659 470 1722 per
490 1639 646 1714 Paulum:
678 1642 711 1702 et
738 1656 795 1722 ego
822 1640 895 1720 peto
924 1637 1123 1702 sanctitatem
1150 1639 1248 1717 tuam,

126 1747 164 1808 ut
184 1745 242 1809 illa
263 1745 342 1808 mihi
366 1745 523 1823 ostendas,
547 1763 627 1827 quae
648 1743 711 1808 iam
735 1743 806 1808 dixi.

169 1850 255 1918 ΑΗΘ.
280 1851 374 1919 dixit:
408 1851 561 1917 Confitere
584 1854 616 1915 te
639 1871 699 1916 non
722 1849 864 1934 potuisse
888 1849 1061 1928 ostendere,
1085 1849 1168 1933 quod
1190 1869 1247 1934 ego

84 1974 108 2014 1⁶
126 1956 327 2040 interrogaui,
351 1960 383 2020 et
406 1957 567 2023 ostendam
590 1955 760 2021 secundum
785 1955 965 2039 scripturas,
989 1954 1072 2037 quod
1094 1953 1250 2037 pertineat

128 2061 167 2126 ad
189 2061 283 2126 fidem
307 2062 517 2128 christianam.

171 2168 251 2233 FEL.
275 2167 368 2231 dixit:
392 2169 433 2232 lot
456 2188 525 2253 ego,
550 2169 577 2233 si
601 2168 749 2232 adtuleris
771 2167 850 2231 mihi
872 2166 1040 2249 scripturas
1063 2165 1247 2244 Manichaei,

128 2273 264 2356 quinque
288 2275 440 2352 auctores,
466 2292 544 2355 quos
566 2273 626 2337 tibi
648 2272 719 2352 dixi,
744 2271 893 2355 quicquid
918 2289 969 2336 me
995 2270 1246 2354 interrogaueris,

128 2380 225 2462 probo
248 2378 317 2442 tihi.

85 2502 112 2542 so
170 2485 255 2550 ΑΗΘ.
279 2483 372 2547 dixit:
405 2484 452 2548 De
480 2482 558 2566 ipsis
582 2483 719 2566 quinque
742 2481 922 2547 auctoribus
946 2484 995 2546 est
1016 2481 1079 2547 ista
1102 2480 1246 2563 epistula,

128 2591 217 2656 cuins
237 2589 414 2673 aperuimus
432 2588 618 2673 principium
637 2591 669 2652 et
685 2587 863 2652 inuenimns
881 2587 926 2652 ibi
945 2587 1113 2670 seriptum:
1136 2586 1246 2654 Mani-

128 2696 264 2760 chaens
297 2696 495 2779 apostolus
528 2693 671 2759 Christi
702 2694 788 2759 Iesu
811 2742 819 2757 .
844 2696 875 2757 et
904 2692 1007 2768 iudeo,
1040 2692 1113 2775 qnia
1142 2691 1247 2774 ipsum

127 2820 187 2866 non
210 2801 288 2866 mihi
310 2801 497 2884 principium
521 2800 657 2883 exponis,
685 2800 844 2882 quianon
871 2798 994 2882 probas,
1023 2797 1177 2880 quomodo
1205 2797 1247 2862 sit

126 2907 330 2973 Manichacus
354 2908 516 2991 apostolus
538 2906 611 2971 Iesu
635 2905 761 2971 Christi.

82 3030 109 3070 2⁶
171 3018 250 3078 FEL.
274 3013 368 3077 dixit:
393 3013 426 3079 Si
448 3014 479 3077 in
503 3013 565 3078 ista
586 3031 646 3077 non
668 3011 778 3095 probo,
801 3011 834 3075 in
857 3008 993 3075 seeundo
1016 3007 1123 3091 probo.

169 3120 255 3185 ΑΗΘ.
279 3119 374 3185 dixit:
397 3120 433 3183 Iu
458 3139 519 3202 quo
543 3118 706 3184 secundo?

170 3225 249 3290 FEL.
273 3225 367 3290 dixit:
392 3227 427 3289 In
450 3225 619 3290 Thesauro.

169 3332 254 3396 Aue.
274 3331 366 3396 dixit:
390 3331 584 3396 Thesaumm
601 3329 709 3406 istum,
729 3347 821 3411 quem
838 3327 908 3393 ideo
926 3327 984 3391 tali
1000 3325 1124 3390 nomine
1142 3326 1246 3414 appel-

125 3428 210 3518 latis,
232 3441 270 3502 ut
292 3439 423 3503 miseros
447 3434 615 3512 seducatis,
643 3434 712 3517 quis
739 3434 889 3519 scripsit?
916 3433 1119 3499 Manichaeus
1144 3486 1150 3501 .
1174 3433 1246 3496 nolo

83 3558 109 3597 ³⁰
125 3545 204 3609 mihi
227 3546 264 3609 ab
287 3544 342 3609 illo
365 3543 496 3627 probes:
530 3541 602 3624 quia
628 3540 696 3623 ipse
718 3540 921 3605 Manichacus
943 3526 1094 3604 mentitur
1117 3537 1245 3603 dicendo

127 3669 161 3714 se
185 3669 264 3728 esso,
288 3649 371 3732 quod
393 3669 454 3714 non
478 3652 535 3713 est.

160 3793 258 3860 411‘1V
275 3794 337 3867 XM
354 3806 407 3860 PR
459 3805 620 3858 bmisurum
638 3803 666 3858 P
717 3802 786 3857 iad
803 3801 832 3856 id
850 3802 955 3873 quodi
1011 3803 1044 3857 10
1062 3809 1138 3856 omne
1156 3801 1244 3855 istro

126 3894 160 3947 12
177 3894 304 3964 loquutus
321 3894 349 3946 P
401 3895 434 3948 15
453 3893 516 3963 quid
539 3892 585 3948 TS
636 3893 668 3944 ll
687 3892 711 3946 si
727 3891 823 3946 mihih
877 3889 1080 3946 lantsonis
1132 3890 1165 3944 21
1181 3890 1244 3944 scri·

125 3982 201 4050 ptum
218 3981 298 4037 ibiR
350 3981 502 4036 manicheus
516 3980 687 4051 (sicubiquc)
706 3981 732 4034 T
765 3980 799 4033 22
812 3980 869 4034 iesu
883 3979 1004 4053 christiin
1034 3979 1074 4033 ‘23
1087 3978 1245 4050 principium

125 4086 178 4124 non
196 4070 262 4124 mihi
279 4069 371 4125 Pslco
475 4068 603 4136 probati
700 4068 734 4121 29
752 4067 881 4137 scripsit?
899 4066 962 4121 felix
981 4067 1063 4121 dixit:
1081 4065 1244 4137 Manicheus.

127 4158 293 4228 Augustinus
312 4156 379 4211 dixit
387 4173 449 4226 sqq.
469 4158 484 4210 b
538 4155 572 4209 30
590 4156 658 4227 ipsc]
676 4156 721 4210 ille
739 4157 767 4211 R
785 4172 835 4210 om.
854 4157 869 4209 b

1153 4257 1208 4307 'o‘ll‘
