2940 4628
477 285 479 288 ⁴
579 244 793 300 Praefatio.
1159 252 1246 315 XXV

124 439 143 501 9
166 438 307 504 aedium.
331 457 421 521 supra
442 439 518 504 haec
537 441 801 524 adscripta-sunt:
825 442 949 507 collatos
971 462 1039 505 cum
1056 463 1111 508 ors.
1130 441 1252 506 caroea

123 544 189 607 ensi
211 544 366 624 damnato
387 564 443 627 per
465 545 499 610 C.
525 547 554 611 2.

168 649 272 716 Codex
294 670 313 714 a
336 637 458 716 duobus
484 652 617 716 librariis
645 653 840 734 conscriptus
868 656 925 718 est.
950 653 1057 735 quiin
1086 654 1247 719 scribendo

123 757 168 821 ita
191 776 224 821 se
248 760 443 839 exceperunt,
467 760 503 820 ut
525 776 606 822 unus
630 777 648 820 a
669 758 745 823 folio
766 759 866 840 primo
890 779 990 840 usque
1014 759 1053 826 ad
1079 759 1191 826 folium
1214 758 1248 824 9⁶

123 863 272 941 medium,
305 865 325 927 i.
359 882 385 927 e.
418 863 458 927 ad
488 864 584 927 uerba
615 882 681 947 cap.
717 867 756 929 13
779 866 864 942 (147,
882 863 915 948 l)
946 865 999 929 radi
1021 867 1067 930 ait
1088 866 1249 930 dominos:

123 990 210 1033 acmo
245 969 340 1033 donus
376 969 524 1046 edolaret
561 970 639 1034 alter
668 969 740 1034 inde
772 989 790 1034 a
821 971 926 1035 uerbis
962 972 1024 1035 nisi
1060 993 1141 1035 waes
1155 980 1163 995 ·
1176 972 1249 1036 deos

125 1095 225 1158 usque
249 1076 287 1138 ad
310 1075 403 1139 finem
422 1076 536 1139 litteris
556 1076 653 1141 ductu
672 1094 781 1159 parum
800 1076 946 1142 dissimili
965 1078 1128 1142 atramenti
1148 1079 1249 1144 colore

126 1183 241 1265 dispari
264 1201 342 1264 opus
365 1182 558 1263 perduceret.
583 1182 638 1247 sed
662 1185 820 1247 correctus
844 1185 893 1247 est
913 1183 994 1246 liber
1016 1180 1076 1248 non
1104 1185 1208 1256 solum
1232 1203 1250 1247 a

124 1290 225 1374 prima
247 1306 368 1369 quaque
391 1307 495 1365 manu,
520 1306 597 1369 quae
621 1288 737 1352 omissa
759 1290 914 1354 uocabula
936 1290 988 1353 uel
1010 1290 1133 1354 litteras
1157 1308 1250 1372 supra

124 1395 239 1459 lineam
272 1394 500 1477 superscripsit,
531 1394 653 1458 litteras
685 1389 822 1474 uocesuef
852 1395 1061 1459 redundantes
1094 1395 1249 1478 expunxit.

126 1501 183 1565 sed
197 1501 290 1565 etiam
306 1520 324 1563 a
338 1504 510 1565 correctore
524 1501 705 1578 recentiore,
721 1500 774 1583 qui
787 1502 891 1565 totum
909 1501 1024 1566 librum
1038 1501 1249 1584 perpurgauit.

125 1607 154 1671 is
169 1626 240 1672 cum
254 1608 306 1671 hic
324 1607 391 1671 illic
408 1626 506 1670 unum
521 1607 695 1671 alterumue
710 1607 821 1672 folium
839 1610 1036 1689 praesectum
1056 1607 1107 1683 sit,
1127 1608 1250 1691 singula

127 1715 180 1777 uel
204 1714 298 1778 etiam
320 1714 410 1795 plura
433 1713 589 1778 uocabula
607 1732 677 1777 cum
698 1713 757 1776 fide
775 1713 807 1776 in
825 1713 964 1796 margine
983 1713 1151 1796 suppleuit.
1173 1732 1250 1794 quae

127 1819 188 1883 alia
202 1820 239 1883 ab
255 1838 291 1883 eo
305 1819 445 1901 profecta
458 1822 542 1894 sunt,
558 1817 715 1900 pertinent
729 1838 775 1896 eo,
791 1822 827 1882 ut
841 1818 1078 1883 consonantium
1096 1818 1251 1901 praeposi·

126 1925 247 1989 tionum
270 1943 342 1989 oum
365 1925 470 1989 uerbis
494 1928 525 1988 et
543 1925 720 1989 nominibus
744 1924 996 2007 compositarum,
1021 1943 1099 2005 quae
1118 1924 1251 2006 aprima

127 2049 221 2095 manu
237 2031 405 2096 dissimiles
425 2031 566 2115 depictae
585 2033 699 2106 essent,
719 2033 897 2095 constanter
913 2029 976 2093 fere
996 2029 1148 2093 assimilat
1162 2048 1251 2093 onem

129 2137 265 2202 efficeret
288 2139 320 2200 et
341 2137 473 2202 formam
494 2140 592 2200 uetere
616 2136 759 2200 omnibus
778 2135 841 2200 fere
858 2135 937 2200 locis
955 2135 1012 2199 ubi
1029 2137 1203 2200 occurreret
1220 2135 1251 2197 in

128 2243 228 2308 ueteri
239 2244 430 2325 deprauaret.
444 2261 545 2324 neque
558 2242 682 2306 felicius
697 2242 779 2305 idem
793 2242 824 2304 in
839 2241 908 2306 aliis
923 2244 1066 2332 uersatus
1077 2243 1126 2305 est
1139 2240 1252 2303 multa-

129 2369 188 2431 que
207 2368 301 2412 mann
321 2348 528 2412 emendatrice
548 2348 765 2423 conturbauit3
787 2349 859 2414 162.
882 2350 921 2418 18
935 2351 1103 2428 ueroputa
1116 2348 1147 2411 in
1161 2350 1254 2426 pratel

131 2455 310 2539 corrigendo
326 2456 488 2520 cumulum
502 2455 672 2520 temeritati
685 2455 814 2520 addidit.
828 2455 889 2518 iarn
908 2473 979 2519 cum
998 2454 1094 2519 editio
1112 2453 1255 2518 Maurius

130 2562 315 2644 scripturam
338 2564 429 2640 perot
456 2560 563 2624 offerat
589 2559 750 2642 multaque
774 2560 834 2624 alia
862 2560 977 2625 indicia
1009 2563 1139 2637 exstent,
1176 2577 1254 2640 quae

131 2667 226 2731 huius
245 2666 426 2750 correctoris
449 2666 611 2751 negotium
634 2667 818 2731 emendandi
839 2666 1008 2744 illustrent,
1028 2661 1253 2768 conuenientia,

130 2773 212 2836 haud
235 2776 312 2854 puto
336 2791 385 2836 me
401 2791 419 2835 a
434 2791 508 2836 uero
531 2773 670 2836 aberrare
689 2771 841 2837 dicentem
866 2771 946 2836 hanc
967 2789 1092 2835 manum
1113 2770 1255 2836 emenda-

87 2931 88 2934 *
130 2880 240 2944 tricem
259 2899 327 2943 esse
347 2879 425 2956 eius,
446 2879 499 2960 qui
517 2878 679 2944 Monachis
694 2897 712 2941 a
725 2877 756 2943 S.
772 2878 881 2942 Mauro
897 2877 1096 2942 collationem
1110 2877 1253 2942 confecit.

176 2983 278 3052 Codex
311 2985 506 3050 Trecensis
538 3004 667 3049 numero
695 2986 737 3050 40
765 2984 829 3048 uol.
857 2985 898 3059 ΙΙ,
922 2983 1012 3054 cuius
1040 2986 1183 3047 accurata
1206 2982 1256 3046 de·
1281 2972 1306 3036 T

133 3090 497 3172 scriptiocont'ectaestin
509 3090 810 3174 Cataloguege'ndral
820 3089 874 3153 des
883 3088 958 3152 bibl.
966 3087 1255 3169 desdepartements

133 3198 220 3274 Tem.
244 3198 274 3260 ll
298 3199 339 3260 33
368 3216 445 3279 sqq„
478 3192 731 3261 membranaceus
764 3194 983 3259 miscellaneus
1014 3193 1113 3257 forma
1144 3182 1255 3276 magna

134 3305 258 3368 saeculo
290 3303 349 3367 Xll
382 3304 516 3386 scriptus
547 3303 631 3367 soliis
662 3304 724 3366 207
758 3303 897 3375 constat;
930 3300 1059 3383 paginae
1091 3299 1256 3382 bipertitae

134 3413 216 3474 sunt.
250 3413 356 3474 contra
386 3410 587 3473 Adimantum
619 3411 771 3473 tractatus
795 3408 833 3471 ab
856 3426 917 3471 uno
941 3406 1066 3471 librario
1091 3405 1257 3489 diligenter

134 3517 240 3581 nitidis
267 3517 381 3580 litteris
409 3517 594 3581 minusculis
623 3515 766 3581 edolatus
793 3514 965 3602 multisque
993 3512 1072 3577 locis
1100 3514 1255 3576 correctns

135 3623 194 3686 hoo
219 3623 374 3705 singulare
398 3623 501 3699 habet,
530 3629 567 3687 ut
592 3623 654 3688 loci
678 3641 694 3686 e
718 3621 872 3705 scriptura
895 3637 980 3684 sacra
1003 3619 1096 3701 petiti
1118 3619 1150 3681 in
1175 3617 1256 3701 capi·

135 3729 211 3794 tulis
243 3730 397 3810 prioribus
429 3750 488 3795 non
521 3730 586 3795 sint
616 3730 707 3812 plene
737 3728 862 3805 redditi,
895 3726 950 3791 sed
980 3731 1054 3808 post
1086 3725 1256 3808 perticulas

135 3835 282 3918 quasdam
311 3836 454 3900 laudatas
483 3854 558 3900 uoce
590 3827 715 3899 strom
740 3833 846 3897 addita
870 3833 989 3914 reliqua
1007 3834 1164 3912 tamquam
1185 3831 1258 3894 nota
1354 3877 1377 3884 «.

134 3942 245 4006 lectori
273 3943 465 4007 omittantur.
495 3942 702 4025 capitulorum
729 3940 850 4004 numeri
877 3940 955 4004 meis
983 3956 1110 4020 prorsus
1132 3956 1257 4019 respon·

137 4048 244 4112 dentes
272 4048 407 4131 appositi
435 4053 508 4113 sunt
535 4068 652 4114 omnes.
681 4047 901 4131 complectitur
926 4048 1085 4128 praeterea
1107 4045 1260 4127 opuscula

137 4155 198 4237 duo
222 4155 316 4220 huius
342 4155 520 4230 uoluminis,
540 4155 611 4219 dico
629 4155 735 4219 contra
752 4153 890 4218 Felicem
906 4152 1004 4216 libros
1022 4150 1084 4215 duo
1103 4153 1135 4214 et
1154 4150 1259 4215 contra
