2940 4628
207 262 292 326 LXII
650 260 862 317 Praefatio,

208 455 245 518 de
268 458 379 518 natura
396 456 470 520 boni
487 456 603 519 librum
622 451 758 520 multum
776 457 954 521 lectitatum
973 460 1241 540 propagatumque
1260 476 1331 522 esse

206 580 261 643 per
293 563 489 626 saeculorum
521 562 691 637 uolumina,
714 563 759 627 ita
790 583 851 629 non
883 566 932 628 est
964 567 1146 648 argumento
1173 564 1275 627 multa
1298 566 1332 627 et

206 668 287 732 bona
319 669 458 752 exempla
489 687 545 733 nos
576 668 700 748 habere,
732 673 769 733 ut
800 670 900 735 ccniei
929 669 1025 735 liceat
1052 688 1104 735 eos
1128 670 1182 753 qui
1205 671 1330 736 codices

207 774 427 840 describendos
451 777 594 847 curarent
615 795 676 841 non
700 775 737 840 ad
760 779 868 840 uetera
891 778 923 840 et
944 777 1040 860 proba
1066 777 1206 859 exempla
1227 794 1317 840 recur

206 881 284 945 risse
309 880 365 946 sed
388 899 466 963 quae
489 884 615 963 praesto
637 881 676 947 iis
701 885 808 948 essent
834 902 871 947 ea
896 883 1031 947 librariis
1057 882 1332 965 proposuissent

204 986 332 1051 nonsit
357 986 473 1050 mirum
500 985 643 1052 codicum
670 989 861 1071 utquisque
887 988 1073 1072 longissime
1096 989 1134 1053 ab
1162 987 1330 1072 archetypo

204 1080 331 1158 recedat
351 1093 397 1156 ita
418 1092 592 1176 pessimum
616 1112 694 1158 esse.
719 1113 791 1158 nam
814 1095 841 1160 si
865 1095 989 1160 codices
1008 1096 1132 1160 ‹saeculi
1153 1096 1198 1160 XI
1221 1098 1254 1160 et
1276 1096 1330 1177 qui

205 1199 392 1264 recentiores
425 1205 499 1264 sunt
530 1199 590 1266 soli
621 1201 712 1266 nobis
744 1201 818 1266 usui
850 1202 965 1278 essent,
998 1201 1057 1264 arti
1088 1201 1214 1266 criticae
1245 1201 1329 1265 latus

207 1327 334 1389 campus
366 1309 496 1390 pateret.
529 1306 561 1371 iu
592 1309 760 1390 proborum
792 1317 934 1392 numero
953 1307 1163 1390 antiquissimi
1194 1308 1330 1378 habendi

207 1418 281 1479 sunt
306 1433 367 1479 non
396 1413 498 1477 solum
526 1413 552 1476 ii
576 1433 708 1496 quorum
735 1414 922 1504 testimonia
946 1414 1069 1478 excussi
1096 1433 1206 1478 uerum
1234 1414 1328 1479 etiarn

205 1521 254 1585 illi
282 1540 412 1604 quorum
441 1519 628 1602 conspicuos
654 1521 741 1585 locos
768 1520 887 1603 inspexi
914 1521 1041 1602 quidem
1069 1520 1125 1585 sed
1148 1520 1187 1584 ad
1208 1521 1328 1585 textum

205 1627 419 1712 retingendum
433 1623 564 1711 neglexi.
576 1629 674 1709 atque
689 1646 796 1701 eorum
815 1646 893 1710 quos
912 1622 1040 1691 adhibui
1055 1627 1151 1692 ceder
1169 1626 1190 1692 S
1209 1635 1330 1692 ceteros

205 1735 298 1818 longe
328 1736 429 1816 preto
461 1733 568 1798 uincit.
600 1735 674 1817 post
704 1751 799 1814 quem
830 1733 926 1799 codex
955 1733 981 1796 P
1011 1732 1123 1798 meritc
1156 1733 1329 1798 secundnm

206 1840 312 1905 locum
341 1840 388 1904 ita
419 1839 481 1904 sibi
511 1838 661 1918 uindicat,
693 1841 731 1903 ut
757 1839 882 1922 propior
912 1839 955 1904 sit
984 1839 1084 1922 primo
1108 1853 1205 1922 quam
1224 1839 1327 1904 tertio.

205 1947 299 2012 huius
331 1946 454 2011 utilitas
479 1964 515 2011 co
539 1965 663 2029 quoqne
695 1945 881 2025 continetur,
905 1946 989 2028 quod
1021 1945 1088 2009 eius
1121 1963 1178 2027 ope
1206 1945 1328 2022 damna,

206 2052 284 2137 quae
308 2052 448 2128 codicem
472 2051 493 2118 S
515 2052 634 2136 passim
661 2053 792 2118 traxisse
819 2053 926 2137 negari
953 2072 1014 2118 non
1039 2055 1156 2135 potest,
1178 2050 1329 2115 facillime

206 2162 364 2225 sanantur.
387 2158 421 2223 hi
444 2158 505 2224 duc
527 2157 627 2244 igitur
646 2159 720 2224 libri
742 2179 797 2243 pro
820 2158 1022 2224 fundamento
1051 2158 1167 2223 criseos
1194 2156 1330 2246 habendi

194 2268 289 2331 sunt.
318 2268 501 2343 ceterorum,
530 2265 583 2347 qui
609 2283 703 2347 quam
729 2265 852 2330 lacunis
875 2267 908 2329 et
925 2264 1115 2346 corruptelis
1139 2263 1328 2328 omnimodis

204 2372 358 2454 inquinati
394 2372 457 2436 sint
493 2390 601 2436 omnes
640 2371 822 2436 incredibile
855 2374 913 2448 est,
946 2371 1042 2436 codex
1075 2369 1103 2436 G
1133 2370 1327 2454 singularem

206 2478 358 2560 quendam
381 2478 487 2542 locum
509 2480 604 2554 tenet,
625 2477 748 2543 codices
765 2477 832 2555 AV,
851 2477 891 2541 ad
914 2497 992 2559 quos
1010 2477 1036 2540 L
1054 2475 1215 2561 aggregari
1234 2475 1326 2552 solet,

205 2584 320 2648 mirum
341 2583 373 2647 in
397 2583 523 2648 modum
545 2583 577 2647 in
600 2583 788 2649 lectionibus
810 2583 967 2666 peruersis
991 2583 1190 2648 conueniunt.
1220 2600 1327 2646 eorum
1425 2627 1428 2633 ·

206 2709 309 2754 comes
342 2688 437 2754 editio
468 2688 610 2771 princeps
643 2707 766 2772 semper
796 2689 859 2753 fere
892 2689 1140 2771 deprehenditur.
1169 2678 1326 2771 postremo

207 2796 323 2861 codicis
345 2795 579 2860 Monacensis
602 2795 782 2859 testimonia
804 2796 864 2860 etsi
886 2795 965 2859 mihi
986 2796 1079 2878 plene
1096 2796 1221 2877 praesto
1241 2796 1329 2857 erant

205 2905 310 2968 tamen
334 2921 370 2966 11
393 2921 428 2966 ex
450 2902 600 2984 apparatu
623 2901 812 2966 secludenda
833 2902 911 2966 utile
935 2902 1017 2980 duri,
1041 2920 1113 2965 curn
1144 2899 1327 2985 praesertim

205 3009 358 3074 uidissem
388 3009 451 3072 iam
485 3008 554 3072 aliis
586 3008 673 3090 prius
706 3008 892 3090 comparatis
928 3008 1030 3090 iisque
1066 3009 1157 3090 plene
1192 3005 1329 3088 receptis

207 3115 454 3180 emandationem
476 3114 560 3178 haud
581 3116 772 3197 prouectum,
795 3113 1050 3197 perspicuitatem
1070 3114 1224 3177 eleuatam
1247 3130 1326 3176 esse.

206 3414 432 3481 SECUNDINI
456 3415 518 3488 ΔΙ)
549 3308 827 3481 AUGUZITIllIerltI
838 3309 1067 3480 XuPISTUnn.
1099 3410 1327 3478 AUGUSTINI

460 3518 624 3586 CONTRA
646 3519 919 3587 SECUNDINUM
942 3519 1073 3583 LIBER.

156 3655 179 3721 (3
252 3645 355 3710 Codex
374 3643 618 3710 carnutensis
641 3662 769 3729 numero
790 3645 849 3714 101
872 3643 940 3708 eius
957 3642 1166 3708 bibliothecae
1184 3640 1327 3724 signatus

206 3753 459 3816 membranaceus
491 3749 830 3814 11111111111111111114ο
858 3748 983 3813 saeculo
1011 3748 1040 3812 X
1068 3749 1210 3811 exaratus
1240 3745 1326 3810 foliis

207 3838 270 3921 128
292 3857 451 3921 fasciculis
479 3855 616 3920 sedecim
644 3857 775 3921 constat.
805 3873 876 3919 curn
902 3854 1053 3937 pristinus
1080 3851 1227 3918 foliorum
1251 3851 1325 3916 ordo

205 3963 350 4026 turbatus
372 3961 424 4039 sit,
447 3959 531 4025 haud
552 3963 673 4042 praeter
694 3979 760 4024 rem
781 3959 847 4024 iore
875 3959 948 4023 duri
975 3946 1238 4040 quemadmodum
1266 3956 1327 4021 sin-

206 4069 298 4152 gulae
322 4071 425 4149 partes
449 4086 482 4131 se
506 4065 660 4149 excipiant
682 4064 804 4132 addere.
829 4083 865 4130 ac
886 4064 1023 4148 primum
1046 4064 1108 4129 duo
1130 4063 1207 4128 folia
1230 4063 1326 4127 conti·
1396 4093 1398 4097 ·

205 4176 317 4237 nentur
338 4171 508 4256 Acpustc'nr'
529 4175 635 4236 contra
657 4169 854 4236 Pucceutc‘cm
877 4170 1074 4254 opusculum
1088 4168 1326 4252 amplectentia;
