2940 4628
257 259 322 324 884
598 253 624 308 S.
652 253 787 307 Aureli
813 240 1024 320 Augustini

250 450 345 533 quod
368 468 455 514 uero
478 447 681 524 resederit*
701 446 866 510 laxatum
890 444 1088 509 deducitur
1104 444 1140 510 in
1158 447 1294 508 terram
1311 463 1375 526 per

250 557 392 640 frigora
415 558 452 619 et
476 553 623 619 cunctis
651 555 773 617 torrae
803 550 1002 634 generibus
1032 550 1270 615 admiscetur.
1304 550 1374 633 quis

252 663 313 728 hoc
335 662 440 726 ferat?
473 661 543 743 quis
566 660 625 725 hoc
649 658 764 736 credat,
797 677 858 722 non
882 658 961 734 dico
984 657 1029 721 ita
1053 675 1131 734 esse,
1161 656 1216 721 sod
1238 656 1291 720 uel
1313 656 1375 720 dici

249 767 418 851 potuisse?
446 784 518 831 ecce
541 765 595 847 qui
619 765 781 829 docentem
803 765 916 828 timent
938 764 1135 828 anathemare
1157 763 1373 828 Manichaeum

249 877 281 939 ct
303 893 363 938 non
389 873 502 938 timont
526 871 648 937 credere
671 871 748 935 haec
770 870 946 948 facientem,
969 871 1046 935 haec
1067 870 1237 953 patientem
1261 869 1371 933 doum!
1405 887 1418 926 a

294 981 345 1044 45.
378 981 438 1045 Per
460 980 579 1045 electos
603 981 708 1043 autem
733 997 807 1043 suos
830 978 956 1061 purgari
983 977 1091 1041 dicunt
1118 976 1247 1041 eandem
1272 976 1374 1057 ipsam
1447 1040 1449 1045 ,

250 1086 446 1151 commixtam
478 1087 599 1167 partem
631 1102 667 1148 ac
698 1086 839 1147 naturam
872 1083 921 1147 dei
948 1082 1162 1148 manducando
1194 1083 1317 1148 scilicet
1343 1085 1375 1146 et

248 1191 393 1270 bibendo,
417 1191 490 1273 quia
508 1209 577 1254 eam
594 1189 625 1252 in
645 1189 801 1253 alimentis
821 1190 965 1254 omnihus
984 1189 1092 1254 dicunt
1108 1190 1238 1273 ligatam
1255 1188 1373 1262 teneri:

252 1316 330 1379 qnae
363 1316 434 1361 cum
467 1297 505 1360 ab
538 1296 647 1360 electis
678 1297 770 1360 uelut
801 1295 916 1361 sanctis
942 1296 974 1359 in
1005 1296 1205 1361 refectionem
1238 1295 1374 1387 corporis

250 1403 464 1468 manducando
493 1404 525 1467 et
550 1402 685 1467 bibendo
713 1403 929 1480 adsumuntur,
957 1421 1012 1486 por
1040 1420 1147 1467 corum
1176 1401 1374 1466 sanctitatem
1393 1415 1418 1453 10

251 1509 343 1588 solui,
368 1509 484 1592 signari
507 1511 538 1572 et
559 1509 693 1575 liberari.
718 1528 775 1573 nec
798 1508 969 1573 adtendunt
991 1508 1106 1585 miseri,
1130 1526 1223 1590 quam
1244 1526 1306 1572 non
1327 1507 1372 1570 in-

250 1633 386 1697 congrue
409 1614 447 1678 de
466 1614 531 1679 illis
551 1614 705 1678 creditum
724 1614 774 1690 sit,
794 1614 877 1696 quod
894 1614 1009 1678 frustra
1025 1616 1149 1698 nogant,
1168 1612 1229 1678 nisi
1247 1613 1372 1679 eosdem

248 1719 345 1783 libros
369 1719 637 1784 anathemauorint
660 1721 691 1783 et
713 1719 888 1784 Manichaei
912 1738 980 1784 esse
1004 1719 1190 1784 destiterint
1223 1719 1251 1783 si
1278 1720 1371 1798 enim,

251 1824 334 1889 sicut
356 1819 474 1904 dicunt,
497 1826 529 1890 in
554 1827 698 1891 omnihus
722 1826 892 1895 seminibus
916 1829 965 1890 est
985 1826 1082 1910 ligata
1103 1845 1173 1909 pars
1197 1826 1248 1890 dei
1274 1829 1307 1891 ot
1334 1828 1371 1891 ab

250 1930 357 1994 electis
371 1930 588 1997 manducando
601 1934 770 2015 purgatur:
790 1933 860 2014 quis
878 1951 939 1996 non
959 1932 1051 2015 digne
1070 1932 1175 1997 credat
1193 1951 1246 1998 eos
1260 1933 1371 2011 facere,
1391 1945 1416 1984 ¹⁵

251 2035 334 2117 quod
355 2036 437 2101 inter
458 2037 592 2103 uirtutes
616 2039 770 2102 caelorum
793 2040 826 2101 et
846 2038 1001 2121 principes
1027 2039 1223 2103 tenebrarum
1251 2038 1317 2102 fieri
1339 2039 1371 2103 in

250 2141 409 2207 Thesauro
434 2161 491 2207 sno
514 2144 634 2226 legunt,
662 2145 913 2226 quandoquidem
937 2148 968 2209 et
991 2163 1097 2209 carnes
1121 2164 1195 2210 suas
1218 2146 1255 2209 de
1278 2149 1370 2229 gente

248 2248 445 2312 tenebrarum
468 2267 537 2313 esse
561 2249 669 2314 dicunt
691 2258 724 2314 et
745 2250 776 2313 in
800 2250 845 2314 eis
867 2250 997 2334 ligatam
1019 2251 1119 2315 teneri
1136 2251 1264 2315 uitalem
1283 2252 1370 2315 illam
1416 2261 1417 2264 ’

252 2355 469 2431 substantiam,
502 2357 622 2437 partem
655 2355 715 2433 dei,
744 2355 867 2420 credere
895 2358 987 2437 atque
1016 2356 1167 2422 affirmare
1194 2376 1254 2421 non
1283 2358 1371 2421 dubi-

249 2461 341 2523 tant?
375 2478 452 2540 quac
476 2461 585 2542 utique
609 2462 637 2525 si
660 2461 811 2526 soluenda
834 2465 882 2526 est
906 2464 937 2525 ot
959 2461 1173 2528 manducando
1200 2463 1370 2546 purganda,
1388 2476 1414 2516 ²⁰

250 2564 333 2628 sicut
356 2583 408 2629 cos
432 2565 522 2628 fateri
545 2567 631 2650 cogit
652 2567 796 2631 funestus
816 2586 899 2632 error
916 2568 1066 2650 ipsorum,
1087 2569 1156 2650 quis
1174 2588 1235 2633 non
1253 2569 1368 2647 uideat,

250 2673 319 2753 quis
350 2691 411 2736 non
444 2673 612 2751 exhorreat,
644 2677 759 2755 quanta
786 2675 947 2757 turpitudo
966 2678 1007 2738 'et
1034 2693 1126 2756 qnam
1154 2668 1269 2739 riciaria
1300 2694 1369 2741 con-

249 2764 420 2859 sequatur?

293 2884 345 2948 46.
376 2883 458 2948 Nam
490 2889 522 2949 et
551 2905 568 2948 a
593 2886 778 2967 quibusdam
810 2887 1005 2969 principibus
1038 2888 1142 2971 gentis
1173 2871 1370 2952 tenebrarum

250 2988 296 3053 sic
319 2989 427 3054 dicunt
444 2991 544 3055 Adam
566 2992 700 3074 primum
724 2993 881 3057 hominem
904 2991 1052 3071 creatum,
1076 2995 1112 3057 ut
1133 2995 1239 3057 lumen
1262 2995 1300 3058 ab
1324 2994 1369 3059 eis
1385 3011 1410 3059 ³⁵

249 3113 294 3158 ne<
309 3094 432 3178 fugeret
453 3098 619 3161 teneretur.
647 3097 679 3161 in
703 3099 837 3181 epistula
860 3098 951 3176 onim,
976 3118 1069 3180 qnam
1090 3099 1297 3170 Fundamenti
1319 3118 1369 3182 ap·

147 3191 149 3196 ⁴
249 3199 377 3282 pellant,
409 3202 566 3283 quomodo
597 3203 741 3287 princeps
772 3204 980 3281 tenebrarum,
1014 3223 1105 3285 quem
1132 3208 1251 3286 patrem
1277 3205 1370 3287 primi

250 3307 385 3371 hominis
408 3307 570 3387 inducunt,
594 3309 632 3373 ad
650 3313 770 3374 ceteros
790 3309 891 3374 socios
910 3327 983 3376 suos
1001 3310 1197 3373 tenebrarum
1214 3311 1369 3393 principes

249 3413 374 3478 locutus
405 3414 501 3478 fuerit
531 3418 563 3480 et
594 3416 705 3499 egerit,
738 3416 783 3480 ia
814 3415 940 3498 scripsit
970 3415 1191 3480 Manichacus:
1228 3416 1368 3498 iniquis

285 3601 440 3656 iresiderit
461 3601 523 3657 1³¹8
589 3603 694 3655 laxatur
714 3601 750 3656 θ’
845 3601 984 3672 pirigore
1002 3601 1039 3654 Ρι
1111 3601 1314 3655 lammiscetur
1330 3601 1368 3654 P¹

250 3691 318 3744 dita
333 3694 376 3757 (m.
391 3693 411 3744 2
424 3707 490 3746 corr.
505 3706 538 3744 coc
551 3694 591 3758 ut)
606 3690 634 3743 P
684 3692 773 3761 iqui]
787 3690 851 3760 qnid
865 3690 913 3745 SP
926 3689 1088 3760 qnidAVG
1145 3689 1314 3743 anathemato
1331 3688 1367 3743 6¹

251 3778 474 3833 anathematizare
489 3779 576 3834 ’ΛΠ
679 3780 695 3832 5
714 3779 763 3832 hoc
782 3780 798 3832 h
907 3779 985 3848 hacc]
1008 3781 1035 3833 et
1056 3778 1121 3833 haec
1138 3777 1220 3832 PVA
1238 3787 1266 3831 et
1282 3777 1367 3831 hoch

249 3867 396 3937 pacientem
414 3868 442 3921 P
509 3868 701 3924 donnchad
753 3869 836 3939 8qni
852 3868 951 3923 Auso
1022 3867 1158 3923 elementis
1176 3867 1229 3921 PA
1285 3867 1366 3920 9ue·

84 3960 86 3962 ’
174 3996 175 3999 ,
248 3955 376 4010 1ιιᾱΡΨ
428 3957 459 4010 13
473 3957 756 4011 anathematizaremnt
769 3957 869 4013 AVao
915 3957 1063 4012 ·18dicunt
1080 3954 1206 4011 esscAG
1259 3957 1292 4009 19
1306 3971 1364 4025 par-

248 4044 314 4120 tem]
340 4060 419 4113 qnam
444 4050 547 4115 partem
573 4045 658 4099 AVo
749 4045 782 4098 22
811 4050 929 4101 exorreat
954 4045 990 4099 Ρ1
1084 4045 1117 4098 27
1144 4044 1276 4114 principes
1302 4043 1365 4097 ΑΡΙ

249 4133 283 4188 28
301 4134 383 4186 sotios
407 4136 433 4189 V
498 4136 619 4205 princeps
640 4135 666 4189 G
718 4135 752 4188 29
769 4134 868 4204 iniquis
887 4134 902 4187 b
921 4134 961 4196 (ia
978 4149 1027 4202 rap.
1046 4132 1080 4187 al.
1098 4133 1126 4187 in
1145 4131 1251 4201 quibust
