2940 4628
224 256 255 321 Π
679 249 891 304 Praefatio.

226 448 366 514 studium
388 459 439 530 me
462 444 657 509 commonuit
678 447 747 507 tum
768 443 940 527 Augustini
961 443 1150 520 auctoritas3
1175 444 1242 509 eius
1266 440 1346 510 enim

225 551 408 619 testimonia
433 551 467 614 in
494 549 778 615 Retractationibus
804 550 977 632 prostantis
1004 553 1132 614 secutus
1159 569 1230 614 sum
1256 551 1348 616 modo

227 658 494 725 consentientibus
508 657 602 721 modo
620 656 861 721 aduersantibus
876 656 1047 723 codicibus.
1065 656 1098 720 13
1113 657 1225 737 331133
1244 660 1349 720 autem

228 786 245 830 a
266 766 421 849 prioribus
445 763 565 842 dederi,
585 781 622 827 ea
643 781 744 844 neque
766 760 868 826 multa
890 766 965 827 sunt
986 762 1084 827 etita
1107 765 1295 845 comparata,
1313 766 1350 826 ut

226 890 288 938 non
310 869 452 935 uariandi
474 870 527 933 uel
550 869 644 934 etiam
667 866 804 932 nouandi
833 869 939 934 studio
967 870 1113 951 abreptus
1141 870 1179 932 ab
1206 868 1271 933 illis
1298 869 1349 934 de·

228 978 394 1043 flecterem.
428 976 544 1040 etenim
575 976 621 1040 rei
651 976 776 1040 nouitas
807 995 867 1040 non
899 977 1026 1040 inducta
1053 995 1071 1039 a
1097 995 1158 1054 me,
1191 976 1246 1041 sed
1271 976 1351 1040 mihi

227 1081 415 1151 necessitate
448 1082 582 1163 quadarn
613 1082 761 1168 imposita
793 1084 851 1146 est.
884 1101 955 1146 nam
984 1082 1011 1146 31
1038 1083 1108 1163 3313
1136 1101 1238 1164 opera,
1271 1102 1349 1163 quae

227 1209 325 1253 unum
357 1190 518 1270 tamquam
551 1207 663 1272 corpus
695 1187 875 1266 conficiunt,
908 1207 1040 1270 quorum
1068 1189 1164 1252 uerba
1191 1188 1229 1251 ad
1257 1189 1349 1253 unius

228 1297 344 1363 codicis
365 1296 419 1360 uel
441 1292 578 1377 plurium
601 1277 706 1357 tamen
730 1293 941 1357 consimilium
960 1293 1141 1357 testimonia
1157 1293 1350 1358 restituenda

227 1405 312 1481 sunt,
344 1402 376 1465 in
403 1402 508 1465 lu'cem
535 1399 578 1464 sit
605 1398 788 1478 emissurus,
814 1399 878 1463 iam
903 1399 976 1464 inde
1004 1399 1165 1479 efficietur,
1192 1402 1229 1463 ut
1252 1401 1349 1465 oratio

229 1507 389 1591 scriptoris
417 1506 550 1570 eundem
578 1506 713 1570 colorem
740 1524 813 1587 prae
841 1525 875 1570 se
901 1505 989 1571 ferat.
1023 1507 1056 1568 at
1081 1506 1160 1570 mihi
1180 1505 1350 1589 Augustini

230 1633 324 1698 opera
345 1613 507 1695 complura
528 1648 571 1660 -
594 1613 669 1675 sunt
695 1611 777 1674 enim
804 1630 933 1675 numero
961 1611 1124 1677 duodecim
1148 1648 1190 1659 —-
1214 1614 1246 1676 et
1272 1631 1350 1693 3333

231 1740 292 1785 333
333 1732 400 1785 333
428 1718 482 1783 331
514 1716 636 1782 133133
676 1716 819 1780 tribusne
860 1717 915 1781 sed
945 1717 1089 1799 plurimis
1130 1717 1289 1783 codicibus
1320 1721 1353 1782 et

230 1826 427 1891 saeculorum
440 1822 620 1888 interuallis
642 1819 724 1886 inter
743 1841 776 1886 sc
795 1821 960 1892 disiunctis
978 1825 1149 1906 propagata
1166 1826 1281 1902 essent,
1300 1821 1350 1887 ad·

231 1930 368 1996 ornanda
390 1933 488 1994 erant.
520 1948 593 1993 nam
616 1927 733 2011 scripta
756 1912 882 2012 singula
904 1928 1038 2011 singulis
1061 1928 1124 1992 fere
1145 1928 1234 1992 libris
1255 1948 1351 1992 manu

230 2036 355 2119 scriptis
379 2037 504 2100 seruata
527 2037 619 2110 sunt;
648 2033 792 2099 codicum
821 2033 902 2097 enim
921 2034 1123 2115 quorundam
1145 2035 1252 2116 plures
1273 2037 1351 2098 trac-
1378 2061 1380 2064 ’

227 2146 312 2206 13133
341 2140 599 2224 amplectentium
631 2158 667 2203 ea
696 2139 840 2204 'condicio
873 2124 996 2217 estut
1024 2139 1066 2202 31
1103 2140 1351 2205 emendationem

229 2268 339 2332 parum
370 2248 506 2310 ualeant.
523 2323 525 2327 ¹
543 2245 625 2309 unde
656 2245 706 2322 fit,
739 2248 776 2308 ut
807 2265 867 2310 non
900 2246 1003 2310 solum
1032 2246 1119 2309 locos
1152 2264 1168 2309 e
1200 2245 1370 2328 scriptura.

230 2372 319 2419 sacra
339 2353 457 2436 petitos
481 2350 653 2429 sedetiam
677 2350 754 2415 31133
777 2351 958 2429 sententias,
987 2369 1064 2432 quas
1093 2350 1254 2416 occasione
1281 2341 1353 2415 1313

231 2460 369 2542 repetere
392 2457 606 2541 Augustinum
628 2476 689 2522 non
712 2456 828 2535 taedet,
852 2457 938 2520 uarie
960 2457 1040 2520 uarii
1063 2457 1186 2522 codices
1208 2456 1351 2522 referant.

233 2582 269 2628 ac
291 2563 424 2628 maxime
447 2563 574 2646 quidem
599 2563 632 2627 13
659 2564 753 2627 rebus
780 2563 819 2626 ad
847 2563 1099 2646 orthographiam
1125 2563 1353 2646 pertinentibus

232 2669 421 2752 discrepant.
445 2688 524 2752 3333
548 2689 620 2734 eum
641 2670 687 2733 113
709 2672 825 2746 333331,
848 2668 897 2732 illi
918 2668 965 2733 rei
992 2668 1139 2746 satisfeci,
1168 2671 1204 2732 ut
1231 2669 1358 2733 codices.

231 2776 263 2838 in
296 2794 353 2840 suo
385 2794 540 2859 quemque
572 2777 725 2859 opusculo
758 2775 854 2839 duces
886 2793 1040 2856 sequerer,
1071 2773 1156 2851 huic,
1188 2793 1226 2838 nc
1255 2775 1353 2839 oratio

230 2881 392 2961 tamquam
426 2898 548 2962 pannus
583 2879 722 2962 undique
758 2881 910 2943 consutus
946 2880 1126 2960 appareret,
1162 2877 1208 2940 ita
1237 2878 1355 2941 mederi

232 2984 350 3063 studui,
373 2987 411 3048 ut
429 3005 520 3051 omne
538 3004 637 3068 genus
657 2985 931 3068 orthographicum
949 2985 1033 3067 quod
1050 2983 1165 3048 dicitur
1182 2982 1220 3048 31
1239 2986 1355 3048 certam

233 3091 389 3173 quandam
411 3110 550 3155 normam
573 3091 758 3175 redigerem,
780 3090 865 3154 haud
887 3090 1018 3168 ueritus,
1045 3110 1084 3154 ne
1110 3090 1261 3155 libromm
1285 3106 1355 3156 conss

233 3196 339 3261 cordia
361 3195 541 3261 discordans
559 3197 788 3262 inconstantiae
807 3196 923 3265 crimen
940 3196 1139 3271 incurrerem
1162 3196 1246 3279 quod
1265 3197 1356 3278 quale

236 3302 278 3366 sit
296 3320 357 3383 333
374 3301 567 3374 luculentius
586 3305 742 3385 appareat,
756 3321 795 3366 ne
813 3302 914 3375 multa
930 3302 963 3366 in
981 3301 1062 3366 hano
1078 3321 1145 3366 rem
1163 3320 1355 3380 3333333333,

235 3425 297 3470 333
320 3406 461 3488 exemplo
480 3405 651 3471 conficiam.
668 3404 764 3471 codex
785 3405 1092 3489 Petropolitanus
1116 3407 1254 3472 omnium
1277 3426 1356 3488 quos

239 3510 367 3575 adhibui
389 3513 421 3575 et
444 3511 681 3595 antiquissimus
705 3514 737 3575 et
758 3511 1047 3596 praestantissimus
1063 3532 1161 3595 paone
1179 3514 1358 3578 constanter

237 3617 360 3683 exhibet
395 3617 613 3700 pronominum
647 3617 778 3696 formas,
811 3618 919 3700 quales
960 3619 1035 3681 sunt
1074 3617 1234 3698 quidquid,
1269 3617 1356 3697 quid-

235 3744 336 3814 33333,
360 3725 392 3788 31
415 3723 665 3788 coniunctionem
687 3743 788 3804 quaen,
817 3722 913 3787 ceteri
943 3721 1021 3791 miro
1053 3741 1207 3787 consensu
1234 3741 1357 3806 semper·

235 3829 379 3910 quidquod
386 3878 395 3904 ,
439 3830 618 3909 quicquum,
663 3849 731 3892 cum
766 3829 924 3911 praebent.
964 3827 1049 3891 idem
1085 3828 1180 3893 codex
1216 3848 1366 3893 accomo·

237 3934 393 4007 dationem
414 3933 681 4018 praepositionum
699 3953 771 3999 cum
790 3933 860 3998 aliis
877 3932 1009 3998 uocibus
1027 3933 1270 4016 compositarum
1287 3935 1355 3997 tum

237 4038 442 4117 commendat,
465 4042 534 4103 tum
557 4043 714 4122 grauatnr‚
738 4039 832 4103 ceteri
846 4038 1014 4103 eorundem
1032 4040 1256 4103 uocabulorum
1279 4039 1354 4103 assi-

162 4178 164 4182 ’
234 4152 428 4222 milationem
449 4146 634 4227 plerumque
662 4144 852 4217 dissuadent.
880 4163 941 4208 non
968 4144 1072 4209 minus
1100 4144 1223 4209 codices
1246 4143 1278 4206 in
1301 4162 1353 4207 no
