2940 4628
472 271 514 327 de
541 273 620 327 fide
648 276 783 328 contro
812 274 1069 329 Manichaeos.
1168 342 1170 346 Α
1263 278 1327 342 965

203 474 294 532 lihera
311 472 458 532 uoluntate
475 472 618 547 processit
634 473 671 529 ad
689 489 822 546 pugnam,
839 472 890 530 sed
904 473 1081 532 necessitate
1096 473 1251 547 conpulsus
1266 476 1324 543 cst3
1404 478 1406 482 ’

203 580 256 621 nec
277 565 424 636 praestare
446 561 555 634 aliquid
576 561 676 632 uoluit,
702 562 753 620 sed
775 561 907 619 resistere
932 562 1098 621 conabatur.
1123 561 1172 634 qui
1191 561 1276 620 etiam
1294 562 1323 621 in

204 668 255 710 sua
286 651 455 722 substantia,
478 667 536 709 non
558 649 588 707 in
619 651 751 724 suscepto
783 649 897 709 mortali
920 667 1038 724 corpore
1062 651 1214 709 deuocatus
1238 652 1324 724 atque

204 740 361 799 commixtus
376 741 436 808 est3
454 740 501 813 qni
515 739 642 812 exparte
660 739 746 797 hodie
763 740 886 809 tenetur,
907 741 1039 813 exparte
1057 739 1087 797 in
1106 739 1192 813 globo
1211 757 1327 814 sempor

171 846 184 886 a
204 829 355 887 tenebitur.
379 831 525 886 ettamen
548 826 611 900 quia
637 826 712 885 ferat
733 828 791 884 tam
817 826 999 886 incredibiles
1026 826 1230 901 blasphemias,
1255 843 1325 901 quas

203 917 251 975 isti
275 918 309 975 de
332 917 396 991 ipsa
417 916 551 991 passione
575 915 682 975 domini
704 915 830 989 prolerre
852 932 911 974 non
935 915 1092 974 dubitant?

247 1002 300 1067 32.
317 1007 421 1064 Omnes
439 1005 572 1079 apostoli,
593 1021 690 1064 omnes
708 1005 823 1078 linguae
841 1003 996 1064 rationales
1016 1004 1160 1062 dominum
1180 1004 1321 1064 Christum

202 1111 317 1167 passum
337 1111 399 1153 esse
418 1095 558 1164 clamant,
583 1093 675 1152 omnis
695 1091 766 1151 sana
783 1093 854 1152 fides
874 1092 1016 1152 Christum
1034 1109 1086 1166 pro
1105 1093 1189 1152 nobis
1207 1104 1322 1167 passum

204 1183 362 1253 confitetur,
387 1184 417 1241 et
437 1183 621 1240 Manichacus
645 1183 797 1240 daemones
826 1198 923 1241 omnes
949 1180 1015 1240 illas
1042 1180 1193 1255 passiones
1216 1177 1346 1241 adserit

161 1288 185 1326 ιο
201 1271 363 1345 pertulisse.
387 1288 445 1331 non
468 1271 542 1329 enim
563 1272 716 1345 propterea
739 1269 810 1328 dicit
832 1287 881 1328 eos
903 1286 1015 1344 passos,
1035 1269 1101 1342 quia
1127 1270 1251 1345 deipsis
1271 1272 1322 1329 do-

202 1360 295 1419 minus
308 1360 495 1434 triumphauit
509 1361 538 1417 et
556 1360 590 1418 de
609 1359 680 1434 ipsis
697 1376 750 1418 nos
765 1376 817 1433 per
834 1359 1002 1432 patientiam
1019 1358 1195 1432 triumphare
1215 1360 1323 1430 docuit,

202 1449 253 1506 sed
285 1448 352 1522 quia
383 1448 527 1507 dominum
552 1447 693 1507 Christum
725 1449 833 1522 negant
862 1447 998 1507 babuisse
1026 1464 1139 1505 carnem
1163 1447 1321 1507 mortalem.

203 1537 305 1610 quibus
329 1537 467 1596 dicimus:
491 1536 517 1596 si
534 1554 592 1595 non
609 1537 735 1595 habebat
757 1553 869 1595 carnem
888 1535 1046 1607 mortalem,
1067 1535 1136 1609 quid
1155 1538 1225 1608 erat,
1246 1538 1323 1611 quod

201 1627 355 1683 tenuerunt
375 1625 498 1685 Iudaei?
522 1625 589 1699 quid
614 1627 683 1696 erat,
708 1625 784 1699 quod
807 1625 837 1683 in
861 1642 943 1684 cruce
966 1625 1135 1701 pendebat?
1158 1625 1228 1699 quid
1252 1643 1320 1685 con-

158 1727 182 1766 15
201 1714 286 1772 fixum
309 1716 371 1772 erat
393 1706 482 1780 clauis
504 1714 535 1772 in
556 1709 661 1789 ligno?
684 1714 751 1787 quid
772 1715 816 1773 est
836 1730 1003 1788 percussum
1023 1714 1134 1784 lancea,
1154 1715 1230 1772 unde
1253 1732 1320 1774 san·

200 1803 264 1876 guis
296 1804 326 1861 et
356 1818 431 1876 aqua
459 1802 617 1877 profluxit?
650 1803 675 1862 si
698 1803 773 1861 enim
795 1803 858 1862 uisa
880 1804 948 1861 sunt
968 1804 1080 1860 tantum
1107 1802 1169 1860 lieri
1192 1804 1222 1861 et
1242 1803 1321 1862 facta

200 1908 257 1950 non
279 1893 354 1964 sunt,
377 1892 548 1965 phantasma
571 1893 670 1950 erunt:
696 1891 773 1965 quod
793 1890 876 1950 nefas
900 1892 944 1949 est
967 1891 1092 1951 credere.

244 1976 297 2041 33.
321 1980 351 2039 si
373 1982 467 2039 autem
489 1997 556 2038 uere
578 1982 656 2040 facta
678 1982 753 2052 sont,
776 1995 835 2039 non
857 1982 953 2038 umen
971 1979 1001 2038 in
1020 1996 1105 2038 carne
1123 1978 1248 2056 mortali,
1268 1981 1317 2039 sed

168 2132 169 2135 Ἴ
200 2069 230 2126 in
251 2061 316 2143 ips'a
338 2068 437 2127 diuina
459 2069 621 2128 substantia
643 2069 720 2128 facta
739 2086 802 2128 esse
826 2068 930 2140 dicitis,
950 2067 1116 2131 mutabilem
1141 2067 1237 2127 dicitis
1257 2086 1319 2128 esse

158 2169 183 2207 20
201 2157 325 2216 diuinam
348 2157 538 2216 substantiam
561 2159 590 2216 et
611 2157 753 2216 uisibilem
773 2156 884 2217 carneis
903 2157 993 2216 oculis
1012 2158 1041 2214 et
1060 2155 1236 2231 palpabilem
1258 2174 1320 2217 car·

198 2246 260 2305 neis
282 2245 414 2305 manibus
433 2248 462 2304 et
478 2246 684 2305 uulnerabilem
702 2246 796 2304 ferro:
821 2262 893 2318 quae
911 2262 1010 2304 rursus
1028 2244 1110 2304 nelos
1130 2247 1174 2304 est
1193 2246 1318 2307 credere.

200 2337 229 2393 et
258 2334 323 2393 ideo
348 2335 413 2394 dum
445 2335 527 2393 timet
554 2334 648 2393 dicere
671 2334 864 2405 Manichaeus‚
889 2334 956 2407 quia
981 2332 1039 2395 ista
1061 2333 1138 2392 iacta
1160 2351 1218 2393 non
1241 2338 1318 2407 sunt,
1430 2397 1432 2400 ,

200 2425 228 2481 et
258 2423 360 2481 iterum
392 2423 475 2481 timet
506 2423 609 2494 dicere,
638 2422 706 2496 quia
732 2423 762 2481 in
786 2422 883 2481 diuina
905 2421 1067 2481 substantia
1089 2422 1167 2480 iacta
1189 2425 1266 2494 sunt,
1292 2425 1321 2482 et

198 2529 257 2569 non
278 2511 341 2568 uult
364 2511 502 2581 confiteri,
523 2512 590 2584 quia
612 2528 665 2570 nec
687 2511 855 2586 intellegere
877 2511 981 2585 potuit,
1001 2511 1143 2584 quomodo
1167 2511 1242 2571 filius
1262 2512 1317 2584 dei,

159 2611 182 2649 ²⁵
197 2617 250 2673 per
281 2614 364 2672 quem
395 2600 473 2658 facta
504 2601 572 2658 sunt
602 2599 705 2671 omnia,
733 2599 795 2658 sine
819 2599 915 2673 aliqua
936 2599 1093 2658 mutatione
1116 2598 1164 2658 uel
1187 2597 1318 2673 coinqui-

197 2688 313 2747 natione
337 2686 451 2746 diuinae
474 2688 650 2748 substantiae
677 2705 746 2747 suae
773 2689 916 2747 hominem
944 2705 1007 2747 cum
1030 2704 1115 2746 carne
1139 2689 1318 2763 susceperit:
1396 2733 1398 2737 ,
1433 2709 1437 2717 ¹

199 2779 314 2836 coactus
347 2778 391 2836 est
422 2777 525 2848 dicere,
559 2777 626 2851 quia
655 2794 713 2836 non
737 2776 875 2848 Christus,
900 2778 952 2856 sed
978 2776 1112 2851 princeps
1135 2778 1317 2837 tenebrarum

199 2883 260 2924 cum
282 2865 342 2925 suis
365 2865 451 2925 sociis
473 2866 524 2924 illa
546 2865 641 2925 omnia
661 2883 765 2940 passus
789 2868 842 2926 est.
865 2865 980 2926 miseric
1004 2881 1063 2924 non
1080 2866 1197 2937 timetis,
1216 2883 1253 2925 ne
1273 2861 1316 2925 di-

198 2956 277 3012 catur
298 2953 381 3013 uobis
403 2954 434 3013 in
456 2954 579 3014 iudicio:
604 2972 656 3028 ego
680 2972 732 3015 uos
754 2954 884 3024 literani,
908 2953 960 3029 pro
984 2954 1088 3028 quibus
1110 2971 1214 3028 passus
1237 2973 1314 3026 sum;
1338 2959 1340 2963 ’

154 3052 180 3092 ³⁰
197 3042 246 3114 ite,
270 3042 319 3100 ille
341 3059 394 3102 uos
416 3043 528 3114 liberet,
553 3043 599 3102 cui
621 3060 699 3103 meas
722 3042 867 3103 ascribitis
889 3043 1049 3118 passiones.

240 3125 294 3192 34.
316 3131 419 3192 Dicitis
450 3148 553 3206 magno
586 3149 689 3203 errore,
714 3133 765 3191 sed
796 3134 892 3191 tamon
920 3130 1014 3190 dicitis
1044 3131 1186 3191 Christum
1210 3132 1315 3191 cotidie

195 3220 285 3292 nasci,
310 3220 415 3279 cotidie
437 3221 507 3295 pati,
532 3220 636 3280 cotidie
659 3221 741 3283 mori.
764 3221 993 3294 numquidforte
1011 3220 1105 3291 iniis,
1126 3220 1175 3294 qui
1195 3221 1315 3280 eredunt

197 3312 225 3366 et
254 3326 306 3383 pro
338 3309 452 3369 nomine
482 3308 573 3383 ipsius
603 3309 804 3369 tribulationes
836 3312 1011 3382 mortemque
1042 3309 1212 3383 patiuntur?
1244 3327 1312 3381 non,

194 3396 335 3471 inquiunt,
368 3399 419 3457 sed
450 3398 480 3456 in
512 3399 666 3457 cucurbitis
698 3401 727 3457 et
756 3398 835 3472 poris
867 3400 894 3456 et
926 3397 955 3456 in
986 3397 1136 3472 portulaca
1159 3399 1189 3456 ot
1211 3397 1314 3457 ceteris

152 3494 177 3534 ³⁵
194 3485 357 3546 huiusmodi
379 3488 473 3546 rebus.
497 3504 601 3561 magna
628 3487 758 3557 ridicula,
778 3504 882 3562 magna
900 3486 1042 3546 caecitas:
1066 3486 1197 3560 superius
1219 3488 1316 3561 passi-

230 3688 245 3740 2
265 3688 327 3755 quia
340 3689 368 3740 P
419 3689 435 3742 3
449 3690 478 3743 in
490 3690 624 3759 suscepto]
639 3705 669 3743 ex
687 3692 810 3760 suscepto
823 3692 851 3743 P
903 3691 919 3743 5
933 3689 1096 3744 incredibilis
1109 3688 1275 3759 blasphemia
1293 3689 1319 3741 Γ

195 3761 210 3812 lt
228 3758 370 3828 propherre
388 3761 416 3812 P
475 3761 489 3813 7
507 3760 624 3814 rationes
643 3764 700 3825 (nes
717 3761 749 3814 iu
764 3776 819 3815 rac.
840 3767 864 3815 et
880 3762 911 3815 ia
928 3778 1011 3832 marg.
1023 3760 1132 3814 'nabiles
1152 3776 1170 3813 a
1188 3775 1221 3813 err.
1240 3760 1270 3829 2)
1289 3759 1321 3813 Γ

194 3831 296 3899 8esse]
316 3832 412 3884 enmP
448 3833 480 3884 12
497 3831 632 3901 habuisse]
651 3831 810 3885 abbuisseP
845 3833 877 3885 13
897 3832 971 3902 quid]
990 3830 1076 3901 quiV
1112 3833 1144 3885 14
1161 3832 1315 3899 tenuerunt]

194 3902 269 3956 tenei
287 3901 314 3954 P
392 3902 507 3956 confisus
525 3902 552 3955 P
631 3904 664 3955 16
682 3903 816 3972 profluxit]
833 3903 960 3972 prefulsit
976 3904 1004 3956 P
1076 3902 1108 3955 17
1145 3901 1315 3956 hantamata

195 3977 273 4028 erant
286 3971 349 4024 PM
416 3973 516 4043 nephas
534 3975 562 4026 P
630 3974 664 4027 -19
682 3973 833 4048 substantie
855 3974 881 4026 V
949 3975 983 4027 22
1001 3919 1150 4028 diceret&
1218 3973 1252 4027 25
1270 3974 1315 4027 uel

194 4061 243 4099 om.
262 4044 292 4098 F
355 4045 387 4096 26
407 4053 483 4098 carne
506 4043 533 4096 V
596 4044 630 4096 27
649 4045 765 4114 coactus]
784 4044 930 4114 quohactus
948 4045 975 4098 P
1040 4044 1313 4113 secernendum

194 4131 253 4181 *eas
273 4118 302 4184 [a
319 4115 384 4184 rae.)
403 4115 430 4167 P
490 4116 523 4168 31
543 4114 643 4184 dicitis]
662 4114 750 4169 dicitis
768 4117 858 4169 tamon
881 4115 932 4169 VP
988 4115 1023 4169 32
1040 4114 1083 4168 his
1101 4113 1184 4168 FVP
1234 4114 1269 4168 34
1286 4115 1314 4168 in

193 4187 277 4255 porris
299 4185 383 4240 VPM
451 4186 479 4239 in
499 4191 564 4240 ante
578 4187 715 4255 portulaca
733 4202 783 4242 om.
807 4187 857 4240 VP
909 4187 942 4241 35
961 4185 1139 4256 superioribus
1157 4186 1184 4238 P
