2940 4628
423 271 482 325 VII.
510 270 653 326 Contra
679 270 846 324 Felicem
872 271 936 326 lib.
963 273 985 326 Ι.
1197 275 1260 339 809

143 466 316 550 piendum
340 484 420 530 oum
443 465 646 548 gratiarum
674 463 819 529 actione
846 463 1028 530 fidelibus
1056 464 1171 530 ethis
1194 466 1262 548 qui

144 579 402 662 cognouerunt
422 571 633 646 ueritatem,
656 570 743 653 quia
766 570 884 636 omnis
903 574 1073 635 ereatura
1091 570 1150 635 dei
1167 571 1261 635 bona

144 683 201 744 est
224 682 261 744 et
282 679 378 743 nihil
402 677 647 755 abiciendum,
671 678 769 760 quod
791 696 870 742 cum
892 678 1095 761 gratiarum
1114 677 1260 742 actione

142 785 364 869 percipitur;
389 783 655 849 sanctificatur
677 783 771 847 enim
794 802 858 866 per
879 783 1031 848 uerbum
1054 783 1113 848 dei
1133 786 1169 847 et
1187 801 1260 848 ora·

110 906 123 946 5
144 890 293 955 tionem.
313 889 651 973 haecpraecipiens
665 876 845 953 fratribus
859 890 977 954 bonus
997 888 1069 953 eris
1088 888 1261 953 minister

142 997 228 1072 Iesu
252 996 404 1062 Christi.
439 999 471 1060 et
498 1015 569 1059 cunr
595 995 723 1079 legeret,
752 995 853 1059 diuite
869 996 935 1080 ligo
960 995 1019 1071 boc
1047 995 1084 1059 de
1111 995 1200 1060 uobis
1229 997 1261 1058 et

143 1102 180 1166 de
203 1102 331 1179 talibus,
354 1101 410 1183 qui
433 1100 541 1164 dicunt
564 1100 701 1180 aliquam
724 1104 895 1164 creaturam
914 1099 965 1163 dei
981 1099 1161 1162 inmundam
1180 1117 1259 1177 esse,

143 1206 243 1290 etqui
267 1205 375 1270 dicum
397 1224 520 1270 omnem
544 1204 754 1282 concubitum,
778 1210 809 1271 et
831 1205 886 1289 qui
903 1204 940 1268 fit
959 1223 1029 1269 cum
1047 1223 1150 1282 urere,
1168 1197 1259 1268 iorni-

143 1313 297 1378 cati‘ouem
335 1331 404 1377 esse
436 1348 480 1358 —
511 1301 570 1376 hoc
606 1314 655 1376 est
690 1312 771 1376 euim
807 1312 891 1394 quod
923 1311 967 1375 ait
1001 1310 1259 1393 „prohibentes

97 1433 123 1472 1⁰
141 1419 310 1502 nuptias“
328 1436 440 1501 -per
459 1417 603 1500 spiritum
620 1416 799 1500 prophetiae
817 1418 1012 1501 designatum
1033 1420 1064 1482 et
1081 1436 1259 1500 expressum
1304 1483 1305 1487 ,

141 1545 210 1591 1111
229 1525 308 1590 dico.
328 1527 364 1588 tu
383 1527 488 1588 autem
506 1523 534 1587 si
552 1542 646 1607 negas
666 1543 788 1588 omnem
807 1523 1007 1588 concubitum
1024 1523 1259 1588 fornicationem

141 1650 210 1696 esse
233 1633 289 1693 aut
311 1630 338 1695 si
358 1629 436 1694 dicis
456 1648 576 1694 omnem
597 1630 702 1694 cibum
720 1629 890 1693 humanum
907 1629 1087 1694 licitumad
1105 1629 1258 1694 edendum

140 1755 322 1801 concessum
355 1736 534 1800 hominibus
564 1735 715 1799 mundum
748 1755 828 1813 esse,
857 1754 917 1800 non
950 1754 983 1800 es
1012 1736 1049 1800 de
1076 1735 1150 1813 ihis,
1178 1755 1257 1818 quos

139 1841 333 1925 praedicauit
365 1844 396 1905 et
426 1840 627 1923 prophetauit
659 1840 830 1924 apostolus.
864 1841 891 1904 si
917 1842 1023 1905 autem
1048 1841 1197 1905 inueniris
1224 1842 1256 1906 in

94 1961 120 2001 1⁵
139 1950 199 2027 his,
223 1967 304 2030 quae
328 1947 399 2025 diui,
423 1966 495 2011 ecce
518 1947 614 2011 habes
637 1947 812 2029 apostolum
836 1947 969 2010 Paulum
993 1946 1204 2024 destruentem
1227 1948 1259 2011 et

140 2042 344 2118 euacuentem
373 2052 543 2117 doctrinam
566 2052 741 2117 Manichaei
768 2052 874 2118 futuri.
907 2053 1013 2134 itaque
1039 2052 1192 2135 responde
1219 2053 1258 2116 ad

139 2160 181 2238 id,
206 2159 291 2242 quod
312 2159 488 2242 interrogo:
517 2158 617 2222 omnis
640 2159 825 2223 concubitus
847 2159 1008 2224 fornicatio
1036 2161 1094 2236 est,
1121 2177 1159 2228 au
1187 2177 1257 2223 oon-

140 2265 264 2330 cubitus
289 2284 361 2330 cum
383 2284 476 2330 uxore
499 2283 559 2328 non
583 2268 632 2329 est
653 2268 840 2347 peccatum?

183 2373 213 2438 8.
236 2372 316 2436 FEL.
340 2370 433 2434 dixit:
457 2370 575 2433 Iterum
597 2369 675 2433 mihi
696 2370 853 2448 recitetur,
877 2371 962 2454 quod
985 2370 1062 2435 dixit
1084 2369 1255 2453 apostolus.

96 2478 359 2541 10111111111111
389 2479 454 2541 est:
489 2474 648 2558 spiritus
676 2479 797 2540 autem
824 2477 1022 2542 manifeste
1051 2475 1144 2540 dicit
1170 2474 1258 2558 quia

139 2583 176 2647 in
195 2581 416 2648 nouissimis
439 2580 671 2663 temporibus
694 2581 870 2647 recedent
892 2583 1040 2663 quidam
1064 2599 1081 2645 a
1103 2581 1178 2646 fide
1201 2580 1255 2643 ad-

139 2688 340 2753 tendentes
373 2685 572 2769 spiritihus
601 2685 879 2765 seductoribus,
908 2688 1090 2753 doctrinis
1118 2687 1255 2751 daemo-

139 2794 282 2858 niorum
310 2793 347 2856 in
374 2791 567 2876 hypocrisi
596 2791 979 2877 mendaciloquorum,
1013 2792 1255 2858 cauteriatam

138 2899 318 2963 hahentes
342 2897 611 2964 conscientiam
634 2915 747 2975 suam,
765 2898 1006 2981 prohibentes
1029 2899 1175 2976 nubere,
1199 2897 1254 2961 ab·

93 3016 118 3056 ⁸⁵
139 3005 279 3070 stinere
307 3024 325 3068 a
352 3004 462 3081 cibis,
490 3022 582 3087 quos
612 3003 701 3068 deus
733 3004 877 3069 creauit
904 3004 949 3068 ad
975 3003 1253 3087 percipiendum

138 3129 216 3175 cum
241 3111 442 3195 gratiarum
467 3109 614 3173 actione
637 3108 818 3174 fidelihus
841 3108 956 3174 ethis
984 3109 1047 3190 qui
1075 3126 1251 3192 cognoue-

136 3220 223 3280 runt
245 3216 456 3292 ueritatem,
480 3214 567 3297 quia
595 3215 712 3278 omnis
741 3218 911 3279 creatura
937 3215 995 3284 dei
1021 3215 1115 3279 hona
1138 3217 1195 3280 eat
1218 3217 1254 3278 et

137 3322 233 3385 nihil
257 3319 502 3398 abiciendum,
526 3320 623 3401 quod
646 3339 726 3384 oum
748 3319 949 3404 gratiarum
972 3320 1118 3385 actione
1140 3319 1252 3402 perci-

136 3427 252 3510 pitur,
273 3425 540 3492 sanctificatur
559 3426 653 3489 enim
669 3444 733 3508 peu
745 3427 898 3503 uerbum
915 3425 973 3490 dei
988 3429 1024 3490 et
1039 3425 1251 3490 orationem.

222 3643 256 3697 20
274 3643 288 3696 Ι
307 3643 374 3698 Tiro.
392 3646 417 3709 4,
437 3646 452 3696 1
471 3659 529 3713 sqq.

171 3795 183 3844 l
203 3793 254 3845 hiis
277 3793 353 3848 TPR
370 3793 403 3846 iis
423 3791 445 3846 S
496 3794 513 3846 1
536 3792 698 3862 praecipiens
717 3791 757 3861 (in
778 3795 861 3860 ehorp.
880 3792 908 3844 ai
926 3787 1053 3860 pponens)
1073 3788 1088 3840 1
1155 3789 1207 3842 erit
1223 3790 1263 3845 R,

135 3881 213 3950 tupi
230 3868 277 3934 1111Ι
294 3881 321 3933 P
372 3876 548 3934 8et-uxore
566 3879 646 3935 om.b
702 3880 734 3934 10
752 3885 780 3932 et
798 3893 947 3949 expressum
964 3876 1045 3932 1111
1100 3877 1132 3930 12
1147 3877 1250 3930 licitum

134 3969 234 4022 esseb
324 3970 357 4022 14
382 3967 547 4038 praedicauit
575 3972 602 4021 et
628 3984 678 4022 om.
698 3957 721 4021 ’1
793 3965 830 4036 et]
857 3965 901 4019 uel
927 3964 1001 4020 PSR
1071 3964 1250 4019 inuenerisb

134 4059 167 4111 15
185 4057 237 4111 hiis
256 4058 306 4112 PR
379 4057 409 4108 11
428 4055 610 4109 fornicationis
628 4056 656 4108 P
732 4054 862 4110 1911111111
882 4054 907 4106 P
981 4052 1015 4106 20
1034 4052 1100 4108 dicit
1118 4056 1145 4106 et
1163 4057 1250 4107 cetera

135 4163 202 4215 quae
220 4162 300 4215 supra
317 4148 379 4199 sunt
397 4141 487 4197 SPRb
