2940 4628
280 278 344 344 876
618 281 645 334 S.
672 282 808 334 Aureli
834 283 1048 350 Augustini

280 473 414 555 qualitas
437 475 589 540 naturalis
611 475 808 541 subsisteret
841 477 998 542 sinullus
1021 477 1096 542 ordo
1118 477 1163 542 ibi
1189 477 1313 555 fuisset,
1341 497 1404 543 non

280 579 334 642 alii
356 580 598 658 dominarentur,
621 581 675 645 alii
697 581 913 662 subderentur,
932 602 994 648 non
1011 582 1044 646 in
1062 584 1130 649 suis
1148 584 1313 649 elementis
1332 603 1404 650 con·

279 689 425 770 gruenter
455 687 608 764 uiuerent,
636 706 697 752 non
724 687 859 771 denique
885 689 953 754 suis
980 688 1059 754 locis
1087 689 1238 755 haberent
1264 690 1405 754 membra

280 791 441 876 disposita,
464 796 502 859 ut
521 793 579 857 illa
601 794 713 870 omnia,
733 813 813 877 quse
834 813 916 859 uuna
936 794 992 860 isti
1013 795 1202 875 fabulantur,
1221 814 1313 880 agere
1332 816 1404 879 pos·

280 898 353 964 sint.
377 899 426 964 dei
449 901 554 965 autem
576 901 719 964 naturam
742 900 770 965 si
791 920 853 967 non
874 899 984 965 dicuat
1004 905 1172 980 mortuam,
1195 901 1271 985 quid
1294 922 1404 968 secun-
1435 929 1449 968 a

280 1006 355 1071 dum
369 1016 476 1080 eorum
493 1007 666 1072 uanitatem
680 1008 813 1073 suscitat
827 1007 996 1074 Christus?
1016 1008 1043 1073 si
1061 1028 1122 1074 non
1140 1007 1251 1074 dicunt
1268 1027 1403 1092 aegram,

280 1112 355 1195 quid
378 1117 490 1178 curat?
514 1114 621 1178 sinon
639 1112 748 1178 dicunt
765 1114 907 1192 oblitam,
931 1113 1006 1196 quid
1023 1118 1272 1180 commemorat?
1295 1115 1323 1181 si
1341 1111 1404 1180 non

279 1218 388 1285 dicunt
407 1219 619 1304 insipientem,
648 1220 723 1304 quid
750 1219 866 1286 docet?
901 1221 928 1285 si
954 1240 1015 1286 non
1043 1221 1152 1286 dieunt
1177 1221 1403 1303 perturbatam,

278 1325 354 1409 quid
375 1326 592 1411 redintegrat?
619 1327 647 1392 si
669 1347 731 1393 non
752 1327 838 1392 uicta
861 1330 893 1392 et
915 1329 1007 1409 capta
1029 1330 1087 1405 est,
1111 1326 1188 1408 quid
1208 1327 1347 1392 liberat?
1376 1327 1404 1393 si

278 1451 340 1498 non
363 1435 445 1518 eget,
469 1433 520 1499 cui
543 1428 716 1498 rubuerit?
739 1433 767 1499 si
789 1452 850 1499 non
873 1433 1447 1518 amisitsensum,quiduegetat?10

279 1537 307 1603 si
329 1557 390 1604 non
414 1541 463 1604 est
485 1541 657 1618 excaecata,
680 1538 757 1622 quid
777 1539 970 1604 inluminat?
1002 1540 1030 1604 si
1057 1558 1119 1605 non
1147 1542 1197 1605 est
1223 1539 1256 1604 in
1284 1539 1402 1618 dolore,

280 1643 357 1724 quid
374 1648 517 1710 recreat?
541 1645 569 1710 si
591 1664 652 1711 non
676 1648 725 1710 est
746 1645 862 1727 iniqua,
886 1645 963 1727 quid
984 1664 1039 1729 per
1060 1648 1225 1729 praecepta
1248 1637 1377 1730 corrigit

279 1751 307 1816 si
328 1769 390 1816 non
412 1754 462 1817 est
484 1750 677 1829 dedecorata,
700 1751 776 1833 quid
797 1751 953 1816 mundat?
977 1751 1004 1816 si
1026 1771 1087 1817 non
1110 1754 1160 1817 est
1180 1751 1213 1816 in
1235 1751 1331 1830 bello,
1351 1751 1402 1817 cui

278 1856 434 1940 promittit
455 1859 593 1939 pacem?
623 1856 651 1921 si
677 1876 739 1922 non
766 1860 816 1922 est
840 1855 1056 1936 immoderata,
1084 1856 1136 1921 cui
1162 1857 1292 1930 modum
1319 1856 1402 1942 legis

277 1962 435 2046 imponit?
459 1963 487 2029 si
509 1981 570 2027 non
593 1966 643 2027 est
665 1962 822 2040 deformis,
845 1962 923 2046 quid
944 1961 1116 2027 reformat?
1139 1962 1168 2027 si
1185 1982 1247 2028 non
1266 1964 1316 2027 est
1333 1981 1402 2046 per·
1418 1983 1444 2026 rs

278 2088 380 2148 uersa,
399 2069 476 2151 quid
498 2069 667 2134 emendat?
690 2070 793 2134 omnia
815 2070 898 2134 euim
919 2068 996 2133 heco
1020 2087 1038 2132 a
1056 2066 1180 2134 Christo
1203 2088 1264 2134 non
1286 2069 1336 2133 illi
1356 2069 1403 2134 rei

278 2175 431 2259 praestari
453 2174 571 2253 dieunt,
595 2193 675 2258 quae
697 2174 781 2240 facta
803 2178 853 2240 est
875 2193 894 2238 a
917 2173 974 2239 deo
994 2177 1026 2240 et
1043 2175 1169 2248 arbitrio
1186 2174 1311 2258 proprio
1329 2193 1402 2257 pec·

279 2281 376 2358 cando
400 2281 578 2365 deprauata,
602 2281 658 2346 sed
679 2281 741 2364 ipsi
762 2284 900 2357 naturae,
928 2280 992 2364 ipsi
1019 2280 1213 2345 substantiae
1235 2279 1296 2360 dei,
1320 2299 1402 2364 quae

277 2388 338 2454 hoc
360 2387 518 2470 estquod
542 2388 630 2453 dous.

322 2495 375 2558 42.
399 2491 482 2572 Quid
503 2494 575 2559 istis
596 2493 800 2577 blasphemiis
824 2493 995 2576 comparari
1016 2479 1145 2576 potest?
1168 2492 1247 2556 nihil
1265 2491 1400 2560 omnino.
1417 2516 1445 2557 so

279 2599 335 2665 sed
363 2599 391 2665 si
418 2599 549 2664 aliarum
574 2618 791 2682 peruersarum
818 2601 974 2665 sectarum
1006 2598 1240 2665 considerentur
1270 2617 1400 2676 errores,

190 2717 191 2720 ’
279 2706 308 2770 si
331 2708 436 2770 autem
458 2705 520 2770 iste
544 2706 604 2770 sibi
628 2724 710 2770 error
732 2725 767 2770 ex
789 2709 875 2788 parte
898 2706 1005 2783 altera,
1030 2704 1068 2769 de
1086 2723 1150 2787 qua
1165 2703 1303 2769 nondum
1324 2703 1400 2767 dixi-

278 2829 360 2886 mus,
385 2813 588 2893 comparetur,
611 2811 714 2876 adhuc
736 2811 830 2875 etiam
852 2812 953 2876 multo
975 2811 1065 2894 peius
1089 2812 1121 2874 et
1143 2809 1346 2876 execrabilius
1367 2810 1401 2875 in

280 2916 330 2981 dci
352 2919 493 2988 natumm
515 2917 731 3000 blasphemare
754 2917 959 2983 conuincitur.
983 2916 1093 2982 dicunt
1110 2916 1193 2980 enim
1212 2916 1308 2980 etiam
1326 2935 1401 2981 nou·

280 3022 382 3088 nullas
402 3022 628 3104 animaequae
650 3023 763 3089 uolunt
785 3042 853 3089 esre
876 3023 914 3087 de
938 3023 1113 3088 substantia
1135 3021 1185 3086 dei
1207 3025 1240 3086 et
1261 3021 1402 3087 eiusdem
1418 3045 1446 3086 ro

280 3129 403 3195 omnino
431 3130 570 3207 naturae,
598 3147 679 3209 quae
705 3148 767 3194 non
794 3131 905 3211 sponte
932 3127 1139 3210 peccauerint,
1169 3126 1228 3192 sed
1258 3146 1277 3191 a
1307 3131 1400 3219 gente

279 3236 484 3313 tenebrarum,
508 3246 602 3317 quam
624 3236 699 3300 mali
716 3239 859 3300 naturam
878 3235 995 3312 dicunt,
1015 3233 1165 3316 adquam
1184 3232 1399 3298 debellandam

280 3359 341 3405 non
369 3341 463 3420 ultre,
494 3340 549 3407 sed
574 3342 672 3423 patris
698 3340 826 3425 imperio
851 3340 1084 3419 descenderunt,
1108 3342 1270 3422 superatae
1293 3342 1326 3405 et
1347 3359 1409 3422 ope*

280 3463 405 3529 pressae
428 3445 501 3524 sint,
531 3446 617 3533 effigi
642 3447 675 3513 in
703 3448 865 3512 aeternum
894 3447 986 3530 globo
1018 3445 1159 3510 horribili
1188 3446 1402 3520 tenebrarum.»

279 3551 326 3617 ita
352 3551 525 3617 secundum
553 3571 659 3619 eorum
688 3553 840 3636 sacrilega
866 3553 1048 3635 uaniloquia
1075 3552 1151 3618 deus
1179 3571 1213 3617 se
1239 3552 1345 3635 ipsum
1367 3551 1401 3617 in
1418 3572 1446 3618 ao

315 3723 525 3793 tsubdarentur
541 3724 579 3779 1³1
665 3729 754 3797 tque
776 3741 846 3779 uene
868 3726 921 3780 ista
938 3726 976 3783 1³¹
1068 3728 1179 3796 possent
1194 3724 1253 3779 PV
1272 3725 1399 3795 possetb

282 3812 442 3868 emortuam
461 3811 586 3868 dicuntb
639 3815 674 3869 10
691 3813 859 3868 ammisitP¹
907 3814 938 3867 ll
960 3817 1081 3884 excecato
1096 3812 1133 3868 0¹
1182 3813 1215 3868 13
1233 3812 1400 3868 decoratae}

281 3903 314 3958 16
331 3905 385 3972 ῆό
405 3903 431 3969 (x
447 3917 469 3957 e,
493 3902 510 3956 l.
534 3919 553 3955 o
575 3901 696 3970 m.1)S
762 3918 816 3956 nou
838 3901 889 3970 illi]
911 3901 980 3957 nulli
1004 3901 1031 3957 θ
1118 3903 1151 3956 17
1173 3905 1309 3972 praestare
1331 3901 1403 3956 P¹V

281 3991 373 4062 adeo]
391 3990 499 4047 ideoG
586 3990 620 4046 23
639 3990 823 4057 exsecrabilius
846 3991 870 4058 (s
894 4005 1004 4060 ecpm.
1023 3992 1048 4058 1)
1067 3990 1095 4044 P
1181 3991 1328 4045 alnetum
1344 3990 1403 4044 PV

281 4080 314 4134 25
333 4080 543 4134 substantiaeP¹
596 4080 630 4134 26
644 4080 741 4150 queP⁸
790 4079 1011 4150 peccaueruntb
1064 4078 1098 4132 27
1116 4077 1400 4150 quam-tenebrarum

277 4185 300 4220 u,
313 4167 358 4221 *29
375 4183 424 4224 om.
443 4168 473 4222 L
525 4167 560 4223 28
579 4183 719 4240 oppressae
738 4183 796 4221 eum
814 4166 870 4220 sint
888 4169 959 4234 (cum
976 4182 997 4220 s.
1017 4167 1036 4221 l.
1054 4167 1118 4220 cdd.
1136 4183 1170 4220 m.
1189 4169 1219 4236 2)
1237 4165 1265 4220 P
1449 4163 1451 4167 ’
