2940 4628
232 272 297 335 954
719 269 860 324 Euodii

233 469 326 544 ignem
354 474 553 544 praeparatum
580 489 646 530 esso
669 473 868 546 peccatoribus
896 474 925 529 et
951 472 1064 530 diabolo
1093 476 1122 530 et
1147 471 1351 545 engolismus,
1454 473 1456 478 ’

233 573 306 631 quos
337 575 435 618 omnes
466 560 558 618 noluit
587 560 716 634 intellegi
741 563 924 635 peccatores;
956 576 1013 618 non
1041 562 1115 620 enim
1141 560 1283 619 iniustitia
1308 564 1355 620 est

234 647 310 722 apud
334 648 426 717 doum,
451 651 484 706 ut
507 649 622 707 damnet
643 666 702 719 eos,
727 651 775 722 qui
796 649 868 707 nihil
889 652 1090 723 peccauerunt.

277 731 309 796 8.
332 737 457 796 Peccare
481 737 556 796 enim
580 737 647 809 quio
670 737 747 795 alind
770 739 814 796 est
834 738 891 796 nisi
912 738 942 797 in
964 737 1097 818 ueritatis
1123 737 1286 812 praeceptis
1305 736 1353 794 uel

233 823 262 881 in
285 825 350 899 ipsa
371 842 430 884 non
452 828 530 884 stare
552 825 696 885 ueritate?
718 826 843 899 quodsi
865 843 923 886 non
945 825 1091 884 uoluntate
1118 826 1228 885 faciunt
1241 842 1351 902 pecca..

233 913 320 984 tores,
344 914 451 973 iniuste
473 914 645 973 indicantur.
667 914 809 989 pertinere
831 918 925 973 autem
948 917 977 972 et
1002 915 1121 988 angelos
1147 913 1351 983 oblecticium,

232 1002 380 1075 apostolus
404 1003 531 1062 ostendit
553 1002 669 1079 dicens:
692 1002 850 1074 nescitis,
874 1004 1034 1077 quoniam
1056 1004 1198 1078 angelos
1215 1002 1351 1085 *iudica-

231 1089 367 1150 bimus?
389 1108 447 1151 uon
465 1096 561 1150 summ
577 1091 755 1165 pertinerent
771 1092 808 1149 ad
825 1091 970 1162 iudicium,
990 1107 1045 1165 quo
1064 1083 1234 1162 iudicantur,
1253 1091 1353 1150 sinon

232 1180 408 1251 pertinerent
430 1181 467 1238 ad
489 1182 647 1254 peccatum,
670 1195 727 1253 quo
749 1181 791 1238 rei
812 1180 892 1252 finnt,
911 1197 965 1239 nec
985 1180 1098 1254 possint
1120 1180 1220 1239 meritc
1242 1179 1352 1238 iudica·

232 1266 266 1325 ri.
290 1285 348 1327 nou
371 1269 446 1327 enim
467 1269 599 1328 homines
616 1268 684 1327 iusti
702 1269 737 1327 cle
755 1268 839 1328 iustis
857 1269 967 1342 angelis
985 1269 1136 1327 iudicaturi
1154 1270 1230 1339 sunt,
1250 1267 1353 1340 quibus
1371 1277 1397 1316 10

232 1355 340 1415 similes
364 1359 455 1428 erunt,
479 1358 530 1416 sed
552 1357 650 1431 utique
678 1358 713 1416 de
739 1357 947 1431 peccatoribus.
975 1356 1118 1416 malefacti
1145 1357 1190 1416 sui
1212 1359 1286 1430 ergo'
1301 1373 1354 1430 por

232 1444 417 1518 cupiditatem
439 1446 560 1520 quisque
582 1448 682 1519 auctor
704 1449 756 1504 est.

274 1529 307 1593 9.
330 1535 384 1592 llst
405 1551 472 1608 ergo
495 1535 525 1593 in
546 1537 698 1609 potestate.
717 1536 750 1592 ut
766 1533 805 1592 sit
823 1533 982 1608 cupiditas3
1007 1536 1036 1592 et
1056 1534 1121 1593 ideo
1146 1535 1231 1593 etiam
1248 1533 1353 1591 malum

231 1621 262 1679 in
282 1624 432 1695 potestate
451 1625 504 1682 est.
527 1623 558 1682 iu
579 1625 722 1697 potestate
745 1638 812 1696 ergo
832 1625 885 1693 est,
905 1623 983 1695 qnod
999 1622 1031 1680 in
1048 1622 1195 1682 uoluntate
1215 1637 1354 1681 essenon

232 1709 335 1786 ‹lebet;
358 1710 464 1770 malum
487 1712 561 1770 enim
584 1727 641 1770 non
663 1713 760 1786 potest
781 1727 844 1769 esse
866 1714 969 1770 natura
985 1727 1039 1769 nec
1057 1711 1218 1771 substantia
1238 1726 1293 1769 nec
1310 1709 1353 1767 ui-
1371 1717 1399 1756 ¹⁶

231 1800 270 1867 ta,
290 1799 358 1872 qnia
374 1799 446 1858 haec
463 1800 540 1860 bona
557 1802 632 1871 sunt,
651 1799 681 1858 in
699 1802 836 1873 quantum
854 1802 929 1858 snut.
948 1799 1001 1858 sed
1019 1801 1048 1858 et
1065 1799 1091 1858 si
1108 1799 1219 1873 aliquos
1236 1799 1353 1857 natura·

231 1884 297 1944 liler
324 1887 443 1947 dicimus
470 1889 569 1960 malos,
597 1890 715 1962 propter
741 1886 879 1962 originem
905 1888 1011 1947 ueteris
1037 1889 1148 1962 peccati
1171 1888 1300 1957 dicimus,
1322 1887 1354 1944 in

231 1990 287 2048 quo
318 1975 375 2034 iam
405 1979 505 2036 nostra
534 1975 693 2036 mortalitas
718 1975 855 2036 nascitur.
882 1978 973 2035 totum
1000 1976 1097 2050 itaque
1128 1977 1205 2050 quod
1235 1975 1356 2053 nocetur

229 2063 336 2122 malum
357 2064 388 2124 iu
409 2065 583 2131 hominibus,
605 2067 754 2139 peccatum
771 2066 822 2124 est
843 2066 873 2123 et
893 2081 995 2139 poena.
1018 2067 1169 2139 peccatum
1185 2065 1219 2123 fit
1236 2065 1272 2123 ab
1290 2062 1354 2122 ani·
1415 2082 1416 2086 ¹

230 2169 278 2209 ma
299 2152 442 2222 rationali,
467 2153 511 2212 cni
534 2153 652 2213 liberum
676 2152 832 2212 uoluntatis
855 2153 1003 2212 arbitrium
1026 2155 1088 2223 est;
1112 2157 1141 2212 et
1161 2170 1256 2228 poena
1277 2150 1354 2211 infli-
1371 2147 1399 2199 ²⁰

230 2240 308 2314 gitur
336 2241 447 2300 institia
478 2241 533 2314 dei,
561 2257 634 2316 quae
664 2241 735 2300 nihil
766 2241 838 2300 lacit
862 2242 976 2301 iniuste.
1004 2242 1141 2319 aduersus
1168 2242 1240 2301 haec
1266 2239 1352 2300 solita

232 2329 368 2388 caecitate
387 2326 548 2389 Manichaei
564 2329 689 2400 latrant;
713 2333 822 2389 etcum
841 2323 1049 2390 conuincnntur
1064 2332 1194 2413 naturam
1211 2347 1270 2390 non
1288 2345 1351 2388 esse

232 2417 344 2489 malum,
369 2418 421 2477 sei
442 2419 473 2477 in
494 2420 637 2493 potestate
660 2435 723 2478 esse
740 2417 863 2478 hominis
881 2418 975 2478 lacere
992 2419 1072 2490 bene,
1084 2420 1134 2477 aut
1149 2419 1233 2491 male,
1253 2416 1353 2476 dicum

230 2523 289 2565 non
304 2523 367 2566 esse
385 2507 495 2566 animae
512 2508 635 2577 liberam
648 2507 824 2566 uoluntatem
843 2510 872 2565 et
888 2515 946 2566 non
960 2507 1061 2570 uident
1075 2506 1241 2566 caecitatem
1259 2523 1350 2565 suam.

276 2591 328 2654 lo.
353 2595 422 2666 Quis
446 2596 520 2655 enim
541 2613 600 2660 non
623 2596 726 2655 clamet
747 2595 865 2655 stultum
888 2612 951 2654 esse
972 2597 1127 2670 praecepta
1153 2587 1221 2655 (lare
1244 2596 1279 2667 ei,
1305 2595 1351 2653 cui
1369 2601 1396 2640 ²⁶

230 2682 350 2742 liberum
381 2700 440 2743 non
471 2686 524 2755 est,
554 2685 630 2757 quod
660 2683 834 2759 praecipitur
859 2683 963 2760 lacere,
992 2685 1022 2742 et
1046 2683 1174 2758 iniquum
1201 2701 1263 2744 esse
1287 2697 1351 2741 eum

232 2772 376 2840 damnare,
401 2772 447 2830 cui
468 2790 526 2833 non
548 2773 603 2831 fuit
622 2773 751 2847 potestas
778 2773 856 2831 iussa
883 2773 1039 2846 conplere?
1067 2775 1097 2830 et
1120 2773 1174 2832 bas
1195 2770 1351 2854 iniustitias

232 2861 261 2917 et
286 2860 452 2934 iniquitates
478 2860 575 2920 miseri
600 2877 657 2939 non
683 2855 854 2935 intellegunt
880 2861 933 2920 deo
960 2878 991 2920 se
1018 2860 1175 2920 ascribere..
1199 2861 1249 2920 sed
1281 2859 1351 2934 qnid

231 2965 328 3007 uerum
353 2951 397 3007 est
417 2948 474 3008 nisi
497 2951 527 3008 et
549 2949 691 3009 dominnm
714 2949 782 3007 dare
803 2951 958 3023 praecepta
980 2952 1009 3008 et
1030 2949 1139 3009 animas
1156 2950 1263 3009 liberae
1287 2965 1350 3007 esse

232 3037 387 3096 uoluntatis
411 3041 440 3096 et
461 3038 566 3096 mulum
587 3040 717 3096 naturam
739 3055 796 3096 non
820 3055 892 3108 esse,
912 3038 964 3096 sed
987 3053 1050 3097 esse
1073 3037 1250 3098 auersicnem
1268 3055 1286 3094 a
1304 3036 1351 3095 (lei
1369 3041 1397 3080 ³⁰

230 3126 391 3200 praeceptis
414 3130 443 3185 et
466 3144 528 3186 esse
550 3126 655 3185 iustum
676 3127 812 3186 indicium
835 3125 891 3196 (lei,
905 3141 970 3199 ouo
994 3125 1110 3185 mnnet
1129 3124 1306 3201 peccantes?

277 3209 329 3273 11.
345 3215 459 3273 Interea
477 3232 541 3273 cnm
559 3215 637 3274 dicat
661 3215 737 3274 idem
754 3215 938 3274 Manichacus
953 3215 1053 3272 'deum
1076 3213 1231 3276 omnibus
1248 3213 1350 3274 bonis

233 3301 475 3374 abundantem,
504 3303 599 3362 nullo
631 3304 668 3362 in
699 3304 816 3378 regnis
844 3303 918 3362 eius
945 3301 1143 3375 insignibus
1170 3301 1350 3381 indigente

321 3546 335 3597 1
356 3543 389 3598 cf.
409 3544 505 3599 Matth.
525 3544 569 3611 25,
585 3545 618 3598 41
674 3545 689 3598 'i
708 3545 722 3599 I
739 3543 798 3600 Gor.
817 3545 841 3607 6,
860 3544 877 3598 3

269 3667 281 3719 l
303 3670 331 3719 et
351 3671 415 3720 crete
433 3665 540 3720 diabolo
558 3681 608 3721 om.
631 3664 658 3719 V
719 3667 736 3719 2
752 3658 862 3720 minutia
885 3665 912 3719 V
973 3665 1086 3735 311an
1106 3665 1213 3719 omnino
1230 3663 1299 3721 nihil
1319 3663 1352 3716 M

234 3737 248 3788 7
267 3736 443 3791 iudicauimus
460 3742 502 3801 (ca
519 3753 542 3790 e.
561 3737 588 3798 1.)
605 3735 636 3790 Ε
673 3737 689 3790 8
708 3735 779 3807 quoii
794 3736 945 3790 indicarent
956 3736 985 3790 P
1017 3736 1034 3789 9
1048 3752 1100 3805 quo
1117 3733 1166 3806 rei]
1185 3733 1256 3806 quod
1272 3734 1312 3788 rei
1325 3732 1355 3803 P¹

233 3813 344 3877 possent
357 3809 389 3861 M
445 3808 476 3861 11
496 3807 540 3876 de]
558 3823 608 3862 om.
627 3807 708 3861 VPM
762 3807 953 3877 13·potestate]
967 3805 1159 3876 cupiditateP
1206 3805 1351 3860 15ma1um

233 3893 290 3931 csse
306 3878 375 3932 enim
389 3895 415 3932 n.
430 3895 456 3947 p.
471 3878 565 3931 nrtP
615 3877 797 3948 nitalniciaP
837 3879 870 3932 16
880 3877 1099 3948 quihccuiciaP
1133 3876 1167 3930 17
1177 3877 1290 3931 diximus
1299 3875 1349 3929 eli·

233 3964 299 4017 qnos
317 3949 345 4002 P
414 3949 448 4002 20
467 3949 601 4002 uoluntati
617 3948 646 4002 P
709 3949 742 4002 21
762 3946 851 4019 solita]
870 3949 927 4002 sola
943 3947 972 4001 P-
1035 3949 1068 4001 22
1086 3948 1278 4002 conuincantur
1300 3944 1353 4000 VP

233 4020 266 4073 25
286 4022 383 4073 clamat
399 4021 426 4072 P
461 4020 495 4073 26
514 4019 563 4089 est]
582 4035 640 4072 esse
662 4018 689 4073 V
737 4019 809 4074 inicn
826 4034 886 4074 curn
909 4035 966 4072 esse
979 4019 1007 4072 P
1054 4023 1100 4073 est
1117 4019 1144 4073 V
1176 4019 1211 4072 27
1225 4018 1268 4073 c'ni
1285 4018 1349 4086 non]

233 4088 311 4143 cuida
328 4090 358 4143 P¹
390 4089 424 4142 28
442 4089 503 4160 deo]
522 4090 566 4144 (hh
583 4088 641 4144 FV
691 4089 833 4144 aescnbere
851 4089 882 4143 F
897 4089 1026 4160 ascripere
1048 4088 1075 4143 V
1107 4089 1140 4144 29
1159 4092 1188 4144 et
1202 4087 1350 4158 dominnm]

233 4159 267 4213 ed
286 4159 355 4214 dom.
372 4159 400 4213 P
452 4161 487 4214 32
504 4161 619 4215 intereat
640 4160 667 4214 V
716 4160 750 4215 33
767 4160 871 4215 nullum
893 4159 949 4215 VM
1018 4160 1159 4231 indigente
1181 4158 1260 4215 VFP
