2940 4628
203 282 257 345 LX
639 276 851 331 Praefatio.

203 491 276 554 prae
309 473 421 537 ceteris
452 474 581 556 praebet
611 475 783 536 -tamen
818 472 970 555 quaedam
1001 472 1106 548 habet,
1139 490 1217 555 quae
1249 472 1327 535 milri

204 585 379 644 memoratu
399 579 493 664 digna
511 579 683 646 uideantur.
702 599 758 661 pro
777 582 876 642 aotam
894 599 956 644 uno
974 579 1043 645 loco
1063 581 1190 660 excepto
1206 597 1329 659 semper

204 686 284 747 caira
297 687 441 767 ponitur;
460 686 642 766 spiritualis,
663 705 741 768 quac
759 686 859 750 forma
871 687 903 749 in
919 686 1079 751 codicibus
1099 685 1327 768 antiquioribus

205 794 259 854 aut
278 793 401 857 omnino
421 813 481 857 non
496 793 632 857 occurrit
649 795 703 855 aut
719 791 877 856 rarissime
894 831 938 838 —
955 792 1083 856 memini
1100 810 1150 856 me
1168 792 1200 855 in
1220 791 1327 856 codice

208 895 391 962 Oaraateasi
423 917 505 963 saec.
536 900 566 963 X
597 899 648 963 hio
679 899 746 976 illic
778 918 846 962 eam
881 900 986 983 legere
1018 936 1060 946 -
1092 918 1186 963 suum
1220 899 1328 963 locum

205 1008 354 1087 occupat3
381 1026 441 1085 per
472 1008 504 1069 et
529 1025 590 1085 pro
623 1005 728 1070 crebro
762 1006 1003 1083 confunduntur,
1036 1004 1162 1086 saepius
1194 1003 1327 1068 uoculae

89 1159 94 1179 ,
202 1108 307 1192 inepte
331 1109 502 1192 diremptae
525 1110 691 1194 leguntur:
715 1093 1220 1193 919999193919999999919
1245 1109 1283 1176 al.
1309 1128 1325 1171 e

203 1216 297 1279 rebus
331 1216 369 1279 ad
402 1216 653 1301 orthographiam
685 1218 901 1300 spectantibus
933 1217 1011 1280 haec
1043 1215 1212 1299 singularia
1244 1216 1327 1278 sunt.

204 1322 324 1387 uocalis
348 1343 363 1386 e
386 1343 441 1405 pro
464 1344 501 1386 ae
524 1327 556 1387 et
578 1344 611 1388 99
633 1326 821 1407 usurpatur3
851 1328 959 1388 contra
981 1340 996 1394 9
1017 1324 1050 1386 in
1075 1322 1231 1386 aduerbiis
1254 1321 1286 1385 in
1311 1341 1327 1384 e

203 1430 379 1493 terminatis
403 1433 510 1494 contra
527 1432 690 1514 uulgarem
709 1430 967 1495 consuetudinem
985 1430 1218 1511 frequentatur:
1241 1448 1328 1508 aper-

205 1536 328 1614 tissime,
361 1537 475 1611 919199,
504 1557 599 1618 prece,
630 1538 717 1612 99919,
750 1537 791 1600 91.
813 1538 825 1601 1
848 1556 902 1621 pro
927 1555 943 1600 9
966 1537 997 1600 in
1029 1554 1107 1600 uoce
1138 1534 1328 1617 intelleperrdi

203 1642 347 1725 legitima
379 1645 436 1706 cst.
460 1663 480 1726 y
503 1662 574 1707 cum
597 1644 608 1707 i
630 1645 749 1707 uariat:
782 1643 925 1725 berespoq
949 1643 1068 1724 spaera,
1086 1640 1264 1722 paradysus
1288 1641 1325 1706 91,

205 1748 352 1830 aspiratio
377 1752 485 1812 contra
506 1769 600 1814 usum
623 1750 812 1813 tralaticium
836 1749 998 1813 admittiur
1017 1751 1049 1812 et
1064 1747 1232 1830 respuitur.
1258 1766 1328 1812 oon·

205 1855 385 1918 sonantium
400 1858 417 1918 t
436 1858 467 1920 et
486 1875 502 1920 c
518 1859 754 1939 permutantur:
778 1857 909 1940 duricia,
927 1856 1030 1929 iaicio,
1049 1853 1199 1928 absencia,
1218 1853 1327 1916 iraditio

205 2006 262 2080 al.;
296 2004 373 2069 item
397 2005 416 2069 d
439 2009 471 2069 et
493 2009 525 2069 t:
548 1971 623 2087 popl,
647 2009 745 2089 adque
767 2009 806 2072 al.
830 2027 850 2071 n
874 2011 905 2071 et
926 2026 958 2069 m
988 2007 1138 2089 leguntur
1168 2005 1325 2067 mutatae:

205 2110 339 2190 raeabra,
358 2110 467 2174 laureae
490 2113 529 2178 al.
549 2133 569 2194 p
592 2114 755 2196 parasitica
777 2114 921 2197 ponitur:
945 2110 1160 2190 calumpniari,
1180 2112 1328 2190 99919999-

205 2218 264 2294 ais,
297 2217 491 2298 dampnatas,
525 2222 557 2283 91
588 2239 711 2303 semper
741 2221 894 2300 repperire
924 2220 956 2282 in
989 2217 1132 2282 omnibus
1164 2215 1272 2280 formis
1296 2219 1328 2279 et

205 2325 410 2408 temporibus.
586 2311 588 2314 ’

251 2447 399 2513 Codicem
421 2449 634 2514 intercedente
658 2451 814 2534 praelecto
837 2450 1047 2515 bibliothecae
1070 2447 1292 2513 Uniuersitatis
1313 2465 1330 2509 a

207 2555 282 2618 uiris
305 2555 583 2620 uerecundissimis
611 2557 826 2622 Vindobonam
854 2557 1075 2621 transmissum
1099 2555 1137 2618 ad
1160 2553 1329 2618 editionem

207 2659 399 2742 Mignianam
421 2661 489 2743 ipse
512 2662 700 2743 comparari.

156 2805 184 2867 p
253 2782 356 2847 Codex
377 2782 680 2849 Vindobonensis
704 2806 732 2849 n.
755 2785 839 2850 1009
857 2786 986 2849 membr.
1006 2785 1137 2850 miscell.
1156 2784 1188 2847 in
1207 2786 1241 2847 4⁰
1260 2782 1327 2847 fcli-

208 2907 296 2953 orum
330 2889 391 2952 175
425 2891 550 2954 saeculo
581 2890 643 2954 XII
675 2892 845 2956 coniectus.
868 2890 928 2955 hcc
961 2892 1152 2973 opusculum¹
1172 2890 1226 2955 iol.
1252 2889 1329 2952 107⁸

208 2992 323 3074 Incipit
338 2995 484 3078 prolopas
505 2974 550 3059 {a
571 2977 632 3078 adp
652 2998 687 3060 ia
710 2981 798 3061 libra
811 2998 847 3061 dc
869 3002 983 3061 aatara
1005 2997 1084 3063 horai.
1104 2996 1167 3060 Hic
1189 2995 1264 3058 liber
1284 2995 1329 3057 sic

209 3099 379 3179 1991911-
410 3101 464 3166 fol.
498 3102 574 3166 llllb
597 3102 736 3184 Eraplicit
766 3104 840 3167 liber
869 3090 914 3170 sai
944 3082 1021 3188 Aap
1046 3105 1083 3167 de
1113 3105 1227 3166 aatrora
1258 3100 1328 3163 bo-ar'

208 3207 379 3288 praebetur.
410 3208 494 3298 unde
527 3210 678 3292 originem
711 3211 813 3287 ducat,
845 3212 899 3278 fol.
926 3211 958 3276 lb
982 3216 1013 3277 ct
1046 3212 1122 3275 175n
1145 3210 1327 3274 adnotatum

208 3316 272 3376 est:
296 3295 455 3378 19199991
473 3317 571 3398 peorii
588 3319 623 3380 ic
644 3317 849 3389 welbabarab.
869 3320 964 3384 ooder
986 3320 1024 3383 ab
1046 3337 1108 3383 unc
1127 3316 1252 3381 librario
1277 3333 1327 3377 ex·

208 3421 312 3485 aratus
326 3424 358 3484 et
371 3424 577 3504 perpurgatus
598 3425 655 3486 cst.
672 3421 886 3488 adnotationes
906 3443 1046 3505 quaeque
1066 3423 1128 3486 aha
1140 3424 1172 3485 in
1186 3421 1327 3505 margine

208 3526 351 3609 apposita
383 3530 457 3591 sunt
488 3527 526 3590 ab
560 3528 667 3592 eadem
698 3529 799 3610 prima
830 3549 923 3593 manu
955 3530 1095 3614 profecta
1131 3531 1214 3594 sunt.
1252 3527 1327 3590 huic

209 3633 352 3696 uniuerso
375 3633 509 3708 similem
533 3634 719 3717 scripturam
741 3636 837 3699 refert
857 3636 896 3714 is,
921 3617 1015 3716 quem
1036 3635 1117 3699 infra
1139 3634 1282 3699 scribam.

157 3756 181 3818 L
253 3737 356 3803 Codex
378 3739 636 3827 Laudunensis
660 3760 788 3806 numero
815 3744 876 3806 128
900 3743 1043 3826 signatus
1066 3742 1098 3805 iu
1122 3743 1156 3806 4ο
1179 3742 1233 3807 fol.
1263 3741 1326 3804 270

204 3844 247 3907 ad
270 3844 431 3908 saeculum
453 3845 530 3908 Xlll
551 3845 731 3911 referendus
754 3849 821 3924 est3
849 3850 953 3931 partes
977 3847 1129 3930 quaedam
1151 3851 1327 3929 postremae

209 3949 336 4033 originis
369 3950 486 4015 saeculi
515 3952 608 4015 XHlI
639 3953 805 4017 manifesta
834 3947 949 4018 indicia
980 3971 1052 4036 prae
1085 3972 1118 4018 se
1149 3953 1262 4018 ferunt.
1295 3953 1326 4016 in

208 4055 340 4137 singulis
372 4057 513 4139 partibus
544 4076 655 4122 manus
688 4058 829 4123 diuersae
860 4060 980 4129 dinosci
1009 4063 1151 4142 possunt.
1174 4059 1226 4123 hic
1248 4058 1328 4121 liber

200 4162 343 4245 ,proxime
375 4162 496 4227 accedit
526 4163 565 4226 ad
596 4164 736 4239 codicem
759 4165 795 4242 V,
820 4185 919 4247 neque
950 4170 1053 4231 tamen
1085 4169 1149 4231 tam
1174 4164 1272 4229 amice
1293 4165 1326 4227 in
