<?xml version="1.0" encoding="UTF-8"?>
<!DOCTYPE html PUBLIC "-//W3C//DTD XHTML 1.0 Transitional//EN"
    "http://www.w3.org/TR/xhtml1/DTD/xhtml1-transitional.dtd">
<html xmlns="http://www.w3.org/1999/xhtml" xml:lang="en" lang="en">
 <head>
  <title>
</title>
<meta http-equiv="Content-Type" content="text/html;charset=utf-8" />
  <meta name='ocr-system' content='tesseract 3.04.00' />
  <meta name='ocr-capabilities' content='ocr_page ocr_carea ocr_par ocr_line ocrx_word'/>
</head>
<body>
  <div class='ocr_page' id='page_1' title='image "./sanctiavreliavg00zychgoog_0125.png"; bbox 0 0 2940 4628; ppageno 0'>
   <div class='ocr_carea' id='block_1_1' title="bbox 201 296 975 366">
    <p class='ocr_par' dir='ltr' id='par_1_1' title="bbox 201 296 975 366">
     <span class='ocr_line' id='line_1_1' title="bbox 201 296 975 366; baseline -0.021 -2"><span class='ocrx_word' id='word_1_1' title='bbox 201 301 264 365; x_wconf 84' lang='lat'><strong>826</strong></span> <span class='ocrx_word' id='word_1_2' title='bbox 543 298 569 352; x_wconf 82' lang='lat' dir='ltr'><strong>S.</strong></span> <span class='ocrx_word' id='word_1_3' title='bbox 596 297 734 352; x_wconf 79' lang='lat' dir='ltr'><strong>Aureli</strong></span> <span class='ocrx_word' id='word_1_4' title='bbox 760 296 975 366; x_wconf 78' lang='lat' dir='ltr'><strong>Augustini</strong></span> 
     </span>
    </p>
   </div>
   <div class='ocr_carea' id='block_1_2' title="bbox 144 490 1372 3644">
    <p class='ocr_par' dir='ltr' id='par_1_2' title="bbox 244 490 1185 574">
     <span class='ocr_line' id='line_1_2' title="bbox 244 490 1185 574; baseline -0.001 -19"><span class='ocrx_word' id='word_1_5' title='bbox 244 492 324 556; x_wconf 77' lang='lat' dir='ltr'>FEL.</span> <span class='ocrx_word' id='word_1_6' title='bbox 349 491 443 556; x_wconf 80' lang='lat' dir='ltr'>dixit:</span> <span class='ocrx_word' id='word_1_7' title='bbox 467 491 658 556; x_wconf 87' lang='lat' dir='ltr'><strong>Dilationem</strong></span> <span class='ocrx_word' id='word_1_8' title='bbox 680 493 764 573; x_wconf 85' lang='lat' dir='ltr'><strong>peto,</strong></span> <span class='ocrx_word' id='word_1_9' title='bbox 788 493 824 555; x_wconf 89' lang='lat' dir='ltr'><strong>nt</strong></span> <span class='ocrx_word' id='word_1_10' title='bbox 846 490 966 574; x_wconf 86' lang='lat' dir='ltr'><strong>possim</strong></span> <span class='ocrx_word' id='word_1_11' title='bbox 989 490 1185 573; x_wconf 85' lang='lat' dir='ltr'><strong>respondere.</strong></span> 
     </span>
    </p>

    <p class='ocr_par' dir='ltr' id='par_1_3' title="bbox 245 595 1111 676">
     <span class='ocr_line' id='line_1_3' title="bbox 245 595 1111 676; baseline -0.002 -14"><span class='ocrx_word' id='word_1_12' title='bbox 245 599 330 664; x_wconf 81' lang='lat' dir='ltr'><strong>Anu.</strong></span> <span class='ocrx_word' id='word_1_13' title='bbox 355 598 449 662; x_wconf 81' lang='lat' dir='ltr'><strong>dixit:</strong></span> <span class='ocrx_word' id='word_1_14' title='bbox 475 595 631 676; x_wconf 80' lang='lat' dir='ltr'><strong>Quando?</strong></span> <span class='ocrx_word' id='word_1_15' title='bbox 655 615 722 662; x_wconf 83' lang='lat' dir='ltr'><strong>aras</strong></span> <span class='ocrx_word' id='word_1_16' title='bbox 744 597 944 662; x_wconf 84' lang='lat' dir='ltr'><strong>intermissus</strong></span> <span class='ocrx_word' id='word_1_17' title='bbox 968 596 1111 662; x_wconf 79' lang='lat' dir='ltr'><strong>suffieit?</strong></span> 
     </span>
    </p>

    <p class='ocr_par' dir='ltr' id='par_1_4' title="bbox 200 703 1369 1000">
     <span class='ocr_line' id='line_1_4' title="bbox 247 703 1327 781; baseline 0 -13"><span class='ocrx_word' id='word_1_18' title='bbox 247 707 298 770; x_wconf 85' lang='lat'><strong>20.</strong></span> <span class='ocrx_word' id='word_1_19' title='bbox 327 705 407 770; x_wconf 75' lang='lat' dir='ltr'><strong>FEL.</strong></span> <span class='ocrx_word' id='word_1_20' title='bbox 431 704 525 768; x_wconf 89' lang='lat' dir='ltr'><strong>dixit:</strong></span> <span class='ocrx_word' id='word_1_21' title='bbox 558 704 734 769; x_wconf 87' lang='lat' dir='ltr'><strong>Intermitte</strong></span> <span class='ocrx_word' id='word_1_22' title='bbox 757 703 836 766; x_wconf 89' lang='lat' dir='ltr'><strong>mihi</strong></span> <span class='ocrx_word' id='word_1_23' title='bbox 857 705 921 767; x_wconf 83' lang='lat' dir='ltr'><strong>tres</strong></span> <span class='ocrx_word' id='word_1_24' title='bbox 945 703 1022 781; x_wconf 82' lang='lat' dir='ltr'><strong>dies,</strong></span> <span class='ocrx_word' id='word_1_25' title='bbox 1052 703 1084 767; x_wconf 95' lang='lat' dir='ltr'><strong>id</strong></span> <span class='ocrx_word' id='word_1_26' title='bbox 1108 705 1158 767; x_wconf 84' lang='lat' dir='ltr'><strong>est</strong></span> <span class='ocrx_word' id='word_1_27' title='bbox 1179 703 1271 771; x_wconf 85' lang='lat' dir='ltr'><strong>hodie</strong></span> <span class='ocrx_word' id='word_1_28' title='bbox 1295 706 1327 768; x_wconf 92' lang='lat' dir='ltr'><strong>et</strong></span> 
     </span>
     <span class='ocr_line' id='line_1_5' title="bbox 203 809 1325 895; baseline -0.003 -18"><span class='ocrx_word' id='word_1_29' title='bbox 203 831 270 877; x_wconf 83' lang='lat' dir='ltr'><strong>eras</strong></span> <span class='ocrx_word' id='word_1_30' title='bbox 295 813 327 875; x_wconf 88' lang='lat' dir='ltr'><strong>et</strong></span> <span class='ocrx_word' id='word_1_31' title='bbox 347 809 487 895; x_wconf 86' lang='lat' dir='ltr'><strong>perindie</strong></span> <span class='ocrx_word' id='word_1_32' title='bbox 511 811 566 873; x_wconf 85' lang='lat' dir='ltr'><strong>aut</strong></span> <span class='ocrx_word' id='word_1_33' title='bbox 587 828 687 891; x_wconf 87' lang='lat' dir='ltr'><strong>usque</strong></span> <span class='ocrx_word' id='word_1_34' title='bbox 711 809 750 873; x_wconf 94' lang='lat' dir='ltr'><strong>ad</strong></span> <span class='ocrx_word' id='word_1_35' title='bbox 773 809 866 887; x_wconf 84' lang='lat' dir='ltr'><strong>diem,</strong></span> <span class='ocrx_word' id='word_1_36' title='bbox 891 809 945 891; x_wconf 86' lang='lat' dir='ltr'><strong>qui</strong></span> <span class='ocrx_word' id='word_1_37' title='bbox 968 811 1018 873; x_wconf 84' lang='lat' dir='ltr'><strong>est</strong></span> <span class='ocrx_word' id='word_1_38' title='bbox 1033 811 1108 891; x_wconf 81' lang='lat' dir='ltr'><strong>post</strong></span> <span class='ocrx_word' id='word_1_39' title='bbox 1125 809 1325 886; x_wconf 81' lang='lat' dir='ltr'><strong>dominicum,</strong></span> 
     </span>
     <span class='ocr_line' id='line_1_6' title="bbox 200 915 1369 1000; baseline -0.009 -18"><span class='ocrx_word' id='word_1_40' title='bbox 200 917 233 982; x_wconf 94' lang='lat' dir='ltr'><strong>id</strong></span> <span class='ocrx_word' id='word_1_41' title='bbox 257 919 307 982; x_wconf 87' lang='lat' dir='ltr'><strong>est</strong></span> <span class='ocrx_word' id='word_1_42' title='bbox 328 917 432 1000; x_wconf 86' lang='lat' dir='ltr'><strong>pridie</strong></span> <span class='ocrx_word' id='word_1_43' title='bbox 448 915 520 981; x_wconf 86' lang='lat' dir='ltr'><strong>idus</strong></span> <span class='ocrx_word' id='word_1_44' title='bbox 543 915 735 982; x_wconf 80' lang='lat' dir='ltr'><strong>Decembris.</strong></span> <span class='ocrx_word' id='word_1_45' title='bbox 1356 933 1369 972; x_wconf 77' lang='lat' dir='ltr'><strong>s</strong></span> 
     </span>
    </p>

    <p class='ocr_par' dir='ltr' id='par_1_5' title="bbox 202 1022 1327 1317">
     <span class='ocr_line' id='line_1_7' title="bbox 246 1022 1325 1106; baseline 0.001 -19"><span class='ocrx_word' id='word_1_46' title='bbox 246 1023 332 1088; x_wconf 81' lang='lat' dir='ltr'><strong>Anu.</strong></span> <span class='ocrx_word' id='word_1_47' title='bbox 355 1022 450 1087; x_wconf 89' lang='lat' dir='ltr'><strong>dixit:</strong></span> <span class='ocrx_word' id='word_1_48' title='bbox 473 1022 573 1088; x_wconf 82' lang='lat' dir='ltr'><strong>Uidea</strong></span> <span class='ocrx_word' id='word_1_49' title='bbox 596 1025 628 1085; x_wconf 83' lang='lat' dir='ltr'><strong>te</strong></span> <span class='ocrx_word' id='word_1_50' title='bbox 652 1022 833 1087; x_wconf 89' lang='lat' dir='ltr'><strong>dilationem</strong></span> <span class='ocrx_word' id='word_1_51' title='bbox 856 1023 895 1086; x_wconf 89' lang='lat' dir='ltr'><strong>ad</strong></span> <span class='ocrx_word' id='word_1_52' title='bbox 916 1022 1167 1105; x_wconf 82' lang='lat' dir='ltr'><strong>respondendum</strong></span> <span class='ocrx_word' id='word_1_53' title='bbox 1189 1023 1325 1106; x_wconf 77' lang='lat' dir='ltr'><strong>petisse:</strong></span> 
     </span>
     <span class='ocr_line' id='line_1_8' title="bbox 204 1128 1327 1214; baseline 0.002 -21"><span class='ocrx_word' id='word_1_54' title='bbox 204 1131 374 1194; x_wconf 90' lang='lat' dir='ltr'><strong>humanum</strong></span> <span class='ocrx_word' id='word_1_55' title='bbox 399 1132 457 1208; x_wconf 81' lang='lat' dir='ltr'><strong>est,</strong></span> <span class='ocrx_word' id='word_1_56' title='bbox 480 1131 517 1192; x_wconf 91' lang='lat' dir='ltr'><strong>ut</strong></span> <span class='ocrx_word' id='word_1_57' title='bbox 540 1128 728 1194; x_wconf 83' lang='lat' dir='ltr'><strong>concedatur</strong></span> <span class='ocrx_word' id='word_1_58' title='bbox 749 1128 834 1210; x_wconf 77' lang='lat' dir='ltr'><strong>tibi.</strong></span> <span class='ocrx_word' id='word_1_59' title='bbox 855 1128 910 1194; x_wconf 88' lang='lat' dir='ltr'><strong>sed</strong></span> <span class='ocrx_word' id='word_1_60' title='bbox 933 1129 960 1192; x_wconf 86' lang='lat' dir='ltr'><strong>si</strong></span> <span class='ocrx_word' id='word_1_61' title='bbox 982 1128 1168 1211; x_wconf 86' lang='lat' dir='ltr'><strong>respondere</strong></span> <span class='ocrx_word' id='word_1_62' title='bbox 1185 1147 1252 1194; x_wconf 85' lang='lat' dir='ltr'><strong>non</strong></span> <span class='ocrx_word' id='word_1_63' title='bbox 1274 1149 1327 1214; x_wconf 86' lang='lat' dir='ltr'><strong>po·</strong></span> 
     </span>
     <span class='ocr_line' id='line_1_9' title="bbox 202 1234 937 1317; baseline -0.005 -17"><span class='ocrx_word' id='word_1_64' title='bbox 202 1235 301 1300; x_wconf 86' lang='lat' dir='ltr'><strong>tueris</strong></span> <span class='ocrx_word' id='word_1_65' title='bbox 325 1235 364 1299; x_wconf 90' lang='lat' dir='ltr'><strong>ad</strong></span> <span class='ocrx_word' id='word_1_66' title='bbox 387 1234 610 1317; x_wconf 84' lang='lat' dir='ltr'><strong>praestitutum</strong></span> <span class='ocrx_word' id='word_1_67' title='bbox 634 1234 728 1313; x_wconf 81' lang='lat' dir='ltr'><strong>diem,</strong></span> <span class='ocrx_word' id='word_1_68' title='bbox 753 1235 827 1317; x_wconf 93' lang='lat' dir='ltr'><strong>qnid</strong></span> <span class='ocrx_word' id='word_1_69' title='bbox 849 1235 937 1299; x_wconf 72' lang='lat' dir='ltr'><strong>fieti.</strong></span> 
     </span>
    </p>

    <p class='ocr_par' dir='ltr' id='par_1_6' title="bbox 246 1341 666 1406">
     <span class='ocr_line' id='line_1_10' title="bbox 246 1341 666 1406; baseline -0.002 -1"><span class='ocrx_word' id='word_1_70' title='bbox 246 1342 325 1406; x_wconf 70' lang='lat' dir='ltr'><strong>Fun.</strong></span> <span class='ocrx_word' id='word_1_71' title='bbox 349 1341 443 1405; x_wconf 88' lang='lat' dir='ltr'><strong>dixit:</strong></span> <span class='ocrx_word' id='word_1_72' title='bbox 466 1341 527 1406; x_wconf 81' lang='lat' dir='ltr'><strong>Ero</strong></span> <span class='ocrx_word' id='word_1_73' title='bbox 550 1342 666 1406; x_wconf 84' lang='lat' dir='ltr'><strong>uictus.</strong></span> 
     </span>
    </p>

    <p class='ocr_par' dir='ltr' id='par_1_7' title="bbox 246 1445 1369 1531">
     <span class='ocr_line' id='line_1_11' title="bbox 246 1445 1369 1531; baseline 0.002 -19"><span class='ocrx_word' id='word_1_74' title='bbox 246 1448 332 1514; x_wconf 78' lang='lat' dir='ltr'><strong>Aua.</strong></span> <span class='ocrx_word' id='word_1_75' title='bbox 356 1447 451 1518; x_wconf 89' lang='lat' dir='ltr'><strong>dixit:</strong></span> <span class='ocrx_word' id='word_1_76' title='bbox 476 1445 583 1526; x_wconf 79' lang='lat' dir='ltr'><strong>Quid?</strong></span> <span class='ocrx_word' id='word_1_77' title='bbox 606 1447 633 1512; x_wconf 88' lang='lat' dir='ltr'><strong>si</strong></span> <span class='ocrx_word' id='word_1_78' title='bbox 654 1448 784 1531; x_wconf 84' lang='lat' dir='ltr'><strong>fugeris.</strong></span> <span class='ocrx_word' id='word_1_79' title='bbox 1344 1461 1369 1501; x_wconf 86' lang='lat'><strong>10</strong></span> 
     </span>
    </p>

    <p class='ocr_par' dir='ltr' id='par_1_8' title="bbox 203 1553 1327 1724">
     <span class='ocr_line' id='line_1_12' title="bbox 245 1553 1327 1640; baseline 0.003 -23"><span class='ocrx_word' id='word_1_80' title='bbox 245 1553 325 1618; x_wconf 77' lang='lat' dir='ltr'>FEL.</span> <span class='ocrx_word' id='word_1_81' title='bbox 354 1553 448 1617; x_wconf 90' lang='lat' dir='ltr'><strong>dixit:</strong></span> <span class='ocrx_word' id='word_1_82' title='bbox 477 1553 560 1617; x_wconf 87' lang='lat' dir='ltr'><strong>Reus</strong></span> <span class='ocrx_word' id='word_1_83' title='bbox 594 1572 644 1618; x_wconf 87' lang='lat' dir='ltr'><strong>ern</strong></span> <span class='ocrx_word' id='word_1_84' title='bbox 679 1553 819 1618; x_wconf 83' lang='lat' dir='ltr'><strong>ciuitatis</strong></span> <span class='ocrx_word' id='word_1_85' title='bbox 855 1554 949 1618; x_wconf 87' lang='lat' dir='ltr'><strong>huius</strong></span> <span class='ocrx_word' id='word_1_86' title='bbox 987 1556 1019 1618; x_wconf 92' lang='lat' dir='ltr'><strong>et</strong></span> <span class='ocrx_word' id='word_1_87' title='bbox 1045 1555 1161 1636; x_wconf 89' lang='lat' dir='ltr'><strong>ubique</strong></span> <span class='ocrx_word' id='word_1_88' title='bbox 1189 1558 1221 1619; x_wconf 90' lang='lat' dir='ltr'><strong>et</strong></span> <span class='ocrx_word' id='word_1_89' title='bbox 1246 1555 1327 1640; x_wconf 83' lang='lat' dir='ltr'><strong>legis</strong></span> 
     </span>
     <span class='ocr_line' id='line_1_13' title="bbox 203 1679 1090 1724; baseline 0.002 -1"><span class='ocrx_word' id='word_1_90' title='bbox 203 1679 300 1724; x_wconf 86' lang='lat' dir='ltr'><strong>meae.</strong></span> <span class='ocrx_word' id='word_1_91' title='bbox 1088 1684 1090 1688; x_wconf 38' lang='lat'>³</span> 
     </span>
    </p>

    <p class='ocr_par' dir='ltr' id='par_1_9' title="bbox 206 1764 1328 1938">
     <span class='ocr_line' id='line_1_14' title="bbox 248 1764 1328 1854; baseline 0.004 -25"><span class='ocrx_word' id='word_1_92' title='bbox 248 1765 333 1832; x_wconf 81' lang='lat' dir='ltr'><strong>Anu.</strong></span> <span class='ocrx_word' id='word_1_93' title='bbox 358 1765 452 1829; x_wconf 92' lang='lat' dir='ltr'><strong>dixit:</strong></span> <span class='ocrx_word' id='word_1_94' title='bbox 475 1765 575 1830; x_wconf 88' lang='lat' dir='ltr'><strong>Immo</strong></span> <span class='ocrx_word' id='word_1_95' title='bbox 599 1765 659 1830; x_wconf 88' lang='lat' dir='ltr'><strong>hoe</strong></span> <span class='ocrx_word' id='word_1_96' title='bbox 683 1764 750 1842; x_wconf 83' lang='lat' dir='ltr'><strong>die:</strong></span> <span class='ocrx_word' id='word_1_97' title='bbox 775 1765 802 1830; x_wconf 87' lang='lat' dir='ltr'><strong>si</strong></span> <span class='ocrx_word' id='word_1_98' title='bbox 819 1767 940 1854; x_wconf 80' lang='lat' dir='ltr'><strong>iugero,</strong></span> <span class='ocrx_word' id='word_1_99' title='bbox 960 1766 1006 1832; x_wconf 87' lang='lat' dir='ltr'><strong>sie</strong></span> <span class='ocrx_word' id='word_1_100' title='bbox 1024 1767 1148 1847; x_wconf 80' lang='lat' dir='ltr'><strong>habear,</strong></span> <span class='ocrx_word' id='word_1_101' title='bbox 1166 1770 1328 1851; x_wconf 85' lang='lat' dir='ltr'><strong>tamquam</strong></span> 
     </span>
     <span class='ocr_line' id='line_1_15' title="bbox 206 1870 748 1938; baseline 0.006 -3"><span class='ocrx_word' id='word_1_102' title='bbox 206 1871 234 1936; x_wconf 89' lang='lat' dir='ltr'><strong>si</strong></span> <span class='ocrx_word' id='word_1_103' title='bbox 257 1871 497 1936; x_wconf 85' lang='lat' dir='ltr'><strong>anathemaueru</strong></span> <span class='ocrx_word' id='word_1_104' title='bbox 520 1870 748 1938; x_wconf 85' lang='lat' dir='ltr'><strong>Manichaeum.</strong></span> 
     </span>
    </p>

    <p class='ocr_par' dir='ltr' id='par_1_10' title="bbox 144 1973 1369 2060">
     <span class='ocr_line' id='line_1_16' title="bbox 144 1973 1369 2060; baseline 0.002 -20"><span class='ocrx_word' id='word_1_105' title='bbox 144 2001 147 2007; x_wconf 92' lang='lat'><strong>·</strong></span> <span class='ocrx_word' id='word_1_106' title='bbox 247 1976 327 2042; x_wconf 78' lang='lat' dir='ltr'><strong>FEL.</strong></span> <span class='ocrx_word' id='word_1_107' title='bbox 352 1976 447 2042; x_wconf 80' lang='lat' dir='ltr'><strong>dixit:</strong></span> <span class='ocrx_word' id='word_1_108' title='bbox 470 1977 541 2041; x_wconf 83' lang='lat' dir='ltr'><strong>Hoc</strong></span> <span class='ocrx_word' id='word_1_109' title='bbox 564 1976 666 2041; x_wconf 87' lang='lat' dir='ltr'><strong>dicere</strong></span> <span class='ocrx_word' id='word_1_110' title='bbox 685 1996 749 2042; x_wconf 86' lang='lat' dir='ltr'><strong>¹uon</strong></span> <span class='ocrx_word' id='word_1_111' title='bbox 771 1996 911 2060; x_wconf 85' lang='lat' dir='ltr'><strong>pessum.</strong></span> <span class='ocrx_word' id='word_1_112' title='bbox 1343 1973 1369 2031; x_wconf 80' lang='lat'><strong>¹⁵</strong></span> 
     </span>
    </p>

    <p class='ocr_par' dir='ltr' id='par_1_11' title="bbox 206 2069 1349 2254">
     <span class='ocr_line' id='line_1_17' title="bbox 249 2069 1330 2170; baseline 0.001 -22"><span class='ocrx_word' id='word_1_113' title='bbox 249 2083 334 2148; x_wconf 61' lang='grc' dir='ltr'><strong>ΑΗΘ.</strong></span> <span class='ocrx_word' id='word_1_114' title='bbox 358 2082 453 2146; x_wconf 86' lang='lat' dir='ltr'><strong>dixit:</strong></span> <span class='ocrx_word' id='word_1_115' title='bbox 485 2081 567 2166; x_wconf 75' lang='lat' dir='ltr'><strong>Ergo</strong></span> <span class='ocrx_word' id='word_1_116' title='bbox 591 2085 697 2166; x_wconf 76' lang='lat' dir='ltr'><strong>aperte</strong></span> <span class='ocrx_word' id='word_1_117' title='bbox 719 2073 809 2148; x_wconf 86' lang='lat' dir='ltr'><strong>nobis</strong></span> <span class='ocrx_word' id='word_1_118' title='bbox 832 2084 892 2163; x_wconf 82' lang='lat' dir='ltr'><strong>die,</strong></span> <span class='ocrx_word' id='word_1_119' title='bbox 920 2083 994 2166; x_wconf 89' lang='lat' dir='ltr'><strong>quia</strong></span> <span class='ocrx_word' id='word_1_120' title='bbox 1019 2084 1127 2169; x_wconf 84' lang='lat' dir='ltr'><strong>ingere</strong></span> <span class='ocrx_word' id='word_1_121' title='bbox 1155 2069 1274 2170; x_wconf 75' lang='lat' dir='ltr'><strong>sagitas</strong></span> <span class='ocrx_word' id='word_1_122' title='bbox 1297 2088 1330 2149; x_wconf 93' lang='lat' dir='ltr'><strong>et</strong></span> 
     </span>
     <span class='ocr_line' id='line_1_18' title="bbox 206 2190 1349 2254; baseline -0.002 0"><span class='ocrx_word' id='word_1_123' title='bbox 206 2207 296 2254; x_wconf 86' lang='lat' dir='ltr'><strong>nemo</strong></span> <span class='ocrx_word' id='word_1_124' title='bbox 319 2190 351 2253; x_wconf 90' lang='lat' dir='ltr'><strong>te</strong></span> <span class='ocrx_word' id='word_1_125' title='bbox 374 2190 471 2254; x_wconf 89' lang='lat' dir='ltr'><strong>tenet.</strong></span> <span class='ocrx_word' id='word_1_126' title='bbox 1348 2224 1349 2227; x_wconf 61' lang='lat'><em>=</em></span> 
     </span>
    </p>

    <p class='ocr_par' dir='ltr' id='par_1_12' title="bbox 249 2281 661 2379">
     <span class='ocr_line' id='line_1_19' title="bbox 249 2281 661 2379; baseline 0.005 -21"><span class='ocrx_word' id='word_1_127' title='bbox 249 2294 329 2359; x_wconf 68' lang='lat' dir='ltr'><strong>PBL,</strong></span> <span class='ocrx_word' id='word_1_128' title='bbox 354 2293 447 2357; x_wconf 83' lang='lat' dir='ltr'><strong>dixit:</strong></span> <span class='ocrx_word' id='word_1_129' title='bbox 470 2281 543 2358; x_wconf 87' lang='lat' dir='ltr'><strong>Nou</strong></span> <span class='ocrx_word' id='word_1_130' title='bbox 564 2295 661 2379; x_wconf 75' lang='lat' dir='ltr'><strong>fugio.</strong></span> 
     </span>
    </p>

    <p class='ocr_par' dir='ltr' id='par_1_13' title="bbox 209 2401 1370 2592">
     <span class='ocr_line' id='line_1_20' title="bbox 250 2401 1368 2490; baseline 0 -24"><span class='ocrx_word' id='word_1_131' title='bbox 250 2406 336 2467; x_wconf 76' lang='lat' dir='ltr'><strong>AUG.</strong></span> <span class='ocrx_word' id='word_1_132' title='bbox 360 2401 453 2466; x_wconf 86' lang='lat' dir='ltr'><strong>dixit:</strong></span> <span class='ocrx_word' id='word_1_133' title='bbox 477 2401 521 2467; x_wconf 90' lang='lat' dir='ltr'><strong>Ut</strong></span> <span class='ocrx_word' id='word_1_134' title='bbox 544 2402 647 2480; x_wconf 86' lang='lat' dir='ltr'><strong>uideo,</strong></span> <span class='ocrx_word' id='word_1_135' title='bbox 669 2421 730 2468; x_wconf 86' lang='lat' dir='ltr'><strong>non</strong></span> <span class='ocrx_word' id='word_1_136' title='bbox 752 2402 802 2466; x_wconf 85' lang='lat' dir='ltr'><strong>uis</strong></span> <span class='ocrx_word' id='word_1_137' title='bbox 825 2403 915 2484; x_wconf 86' lang='lat' dir='ltr'><strong>quasi</strong></span> <span class='ocrx_word' id='word_1_138' title='bbox 937 2402 1043 2468; x_wconf 87' lang='lat' dir='ltr'><strong>uictus</strong></span> <span class='ocrx_word' id='word_1_139' title='bbox 1066 2402 1250 2480; x_wconf 81' lang='lat' dir='ltr'><strong>abscedere:</strong></span> <span class='ocrx_word' id='word_1_140' title='bbox 1268 2403 1330 2490; x_wconf 71' lang='lat' dir='ltr'><strong>¹sed</strong></span> <span class='ocrx_word' id='word_1_141' title='bbox 1367 2454 1368 2457; x_wconf 63' lang='lat'>,</span> 
     </span>
     <span class='ocr_line' id='line_1_21' title="bbox 209 2507 1370 2592; baseline 0 -19"><span class='ocrx_word' id='word_1_142' title='bbox 209 2509 320 2573; x_wconf 86' lang='lat' dir='ltr'><strong>saltem</strong></span> <span class='ocrx_word' id='word_1_143' title='bbox 344 2509 405 2574; x_wconf 84' lang='lat' dir='ltr'><strong>hoe</strong></span> <span class='ocrx_word' id='word_1_144' title='bbox 428 2509 548 2574; x_wconf 77' lang='lat' dir='ltr'><strong>diazsi</strong></span> <span class='ocrx_word' id='word_1_145' title='bbox 570 2508 689 2592; x_wconf 82' lang='lat' dir='ltr'><strong>iugero,</strong></span> <span class='ocrx_word' id='word_1_146' title='bbox 713 2507 818 2573; x_wconf 83' lang='lat' dir='ltr'><strong>uirtus</strong></span> <span class='ocrx_word' id='word_1_147' title='bbox 841 2527 922 2580; x_wconf 82' lang='lat' dir='ltr'><strong>suns.</strong></span> <span class='ocrx_word' id='word_1_148' title='bbox 1344 2521 1370 2562; x_wconf 62' lang='grc' dir='ltr'><strong>ω</strong></span> 
     </span>
    </p>

    <p class='ocr_par' dir='ltr' id='par_1_14' title="bbox 251 2614 553 2682">
     <span class='ocr_line' id='line_1_22' title="bbox 251 2614 553 2682; baseline 0.007 -2"><span class='ocrx_word' id='word_1_149' title='bbox 251 2615 331 2680; x_wconf 64' lang='lat' dir='ltr'><strong>i&#39;lila</strong></span> <span class='ocrx_word' id='word_1_150' title='bbox 355 2615 450 2679; x_wconf 92' lang='lat' dir='ltr'><strong>dixit:</strong></span> <span class='ocrx_word' id='word_1_151' title='bbox 473 2614 553 2682; x_wconf 91' lang='lat' dir='ltr'><strong>Dixi.</strong></span> 
     </span>
    </p>

    <p class='ocr_par' dir='ltr' id='par_1_15' title="bbox 252 2721 1286 2806">
     <span class='ocr_line' id='line_1_23' title="bbox 252 2721 1286 2806; baseline -0.002 -19"><span class='ocrx_word' id='word_1_152' title='bbox 252 2722 337 2790; x_wconf 79' lang='lat' dir='ltr'><strong>AUG.</strong></span> <span class='ocrx_word' id='word_1_153' title='bbox 361 2721 456 2787; x_wconf 89' lang='lat' dir='ltr'><strong>dixit:</strong></span> <span class='ocrx_word' id='word_1_154' title='bbox 479 2722 521 2786; x_wconf 79' lang='lat' dir='ltr'><strong>nt</strong></span> <span class='ocrx_word' id='word_1_155' title='bbox 541 2722 624 2786; x_wconf 92' lang='lat' dir='ltr'><strong>unde</strong></span> <span class='ocrx_word' id='word_1_156' title='bbox 648 2721 808 2806; x_wconf 84' lang='lat' dir='ltr'><strong>adparebit</strong></span> <span class='ocrx_word' id='word_1_157' title='bbox 828 2725 860 2786; x_wconf 87' lang='lat' dir='ltr'><strong>te</strong></span> <span class='ocrx_word' id='word_1_158' title='bbox 882 2722 1002 2806; x_wconf 82' lang='lat' dir='ltr'><strong>fugisse</strong></span> <span class='ocrx_word' id='word_1_159' title='bbox 1024 2723 1150 2806; x_wconf 85' lang='lat' dir='ltr'><strong>propter</strong></span> <span class='ocrx_word' id='word_1_160' title='bbox 1171 2723 1286 2806; x_wconf 78' lang='lat' dir='ltr'><strong>gesta?</strong></span> 
     </span>
    </p>

    <p class='ocr_par' dir='ltr' id='par_1_16' title="bbox 245 2827 1176 2913">
     <span class='ocr_line' id='line_1_24' title="bbox 245 2827 1176 2913; baseline 0 -20"><span class='ocrx_word' id='word_1_161' title='bbox 245 2827 333 2894; x_wconf 72' lang='lat' dir='ltr'><strong>Fun.</strong></span> <span class='ocrx_word' id='word_1_162' title='bbox 358 2828 452 2892; x_wconf 90' lang='lat' dir='ltr'><strong>dixit:</strong></span> <span class='ocrx_word' id='word_1_163' title='bbox 476 2829 564 2907; x_wconf 87' lang='lat' dir='ltr'><strong>Iube,</strong></span> <span class='ocrx_word' id='word_1_164' title='bbox 587 2832 739 2912; x_wconf 85' lang='lat' dir='ltr'><strong>utquam</strong></span> <span class='ocrx_word' id='word_1_165' title='bbox 763 2829 896 2913; x_wconf 84' lang='lat' dir='ltr'><strong>elegero,</strong></span> <span class='ocrx_word' id='word_1_166' title='bbox 920 2829 1082 2911; x_wconf 81' lang='lat' dir='ltr'><strong>cumipse</strong></span> <span class='ocrx_word' id='word_1_167' title='bbox 1106 2827 1176 2893; x_wconf 85' lang='lat' dir='ltr'><strong>sim.</strong></span> 
     </span>
    </p>

    <p class='ocr_par' dir='ltr' id='par_1_17' title="bbox 195 2933 1372 3120">
     <span class='ocr_line' id='line_1_25' title="bbox 252 2933 1330 3019; baseline 0.001 -21"><span class='ocrx_word' id='word_1_168' title='bbox 252 2934 336 3000; x_wconf 77' lang='lat' dir='ltr'>AUG.</span> <span class='ocrx_word' id='word_1_169' title='bbox 360 2934 454 2998; x_wconf 91' lang='lat' dir='ltr'><strong>dixit:</strong></span> <span class='ocrx_word' id='word_1_170' title='bbox 481 2934 573 3019; x_wconf 80' lang='lat' dir='ltr'><strong>Elige</strong></span> <span class='ocrx_word' id='word_1_171' title='bbox 594 2934 654 3000; x_wconf 89' lang='lat' dir='ltr'><strong>tibi</strong></span> <span class='ocrx_word' id='word_1_172' title='bbox 677 2935 813 3018; x_wconf 78' lang='lat' dir='ltr'><strong>aliquem</strong></span> <span class='ocrx_word' id='word_1_173' title='bbox 836 2934 874 3000; x_wconf 87' lang='lat' dir='ltr'><strong>de</strong></span> <span class='ocrx_word' id='word_1_174' title='bbox 896 2934 1113 3019; x_wconf 81' lang='lat' dir='ltr'><strong>praesentibus</strong></span> <span class='ocrx_word' id='word_1_175' title='bbox 1135 2933 1207 2999; x_wconf 85' lang='lat' dir='ltr'><strong>istis</strong></span> <span class='ocrx_word' id='word_1_176' title='bbox 1229 2934 1330 2999; x_wconf 84' lang='lat' dir='ltr'><strong>fratri-</strong></span> 
     </span>
     <span class='ocr_line' id='line_1_26' title="bbox 195 3038 1372 3120; baseline 0.002 -17"><span class='ocrx_word' id='word_1_177' title='bbox 195 3039 279 3115; x_wconf 80' lang='lat' dir='ltr'><strong>bus,</strong></span> <span class='ocrx_word' id='word_1_178' title='bbox 304 3039 357 3120; x_wconf 93' lang='lat' dir='ltr'><strong>qni</strong></span> <span class='ocrx_word' id='word_1_179' title='bbox 382 3038 420 3102; x_wconf 89' lang='lat' dir='ltr'><strong>ad</strong></span> <span class='ocrx_word' id='word_1_180' title='bbox 444 3039 617 3103; x_wconf 82' lang='lat' dir='ltr'><strong>sancellum</strong></span> <span class='ocrx_word' id='word_1_181' title='bbox 640 3042 734 3105; x_wconf 87' lang='lat' dir='ltr'><strong>stunt.</strong></span> <span class='ocrx_word' id='word_1_182' title='bbox 1348 3049 1372 3090; x_wconf 76' lang='lat'><strong>¹⁶</strong></span> 
     </span>
    </p>

    <p class='ocr_par' dir='ltr' id='par_1_18' title="bbox 252 3143 1061 3227">
     <span class='ocr_line' id='line_1_27' title="bbox 252 3143 1061 3227; baseline 0.002 -19"><span class='ocrx_word' id='word_1_183' title='bbox 252 3144 332 3208; x_wconf 77' lang='lat' dir='ltr'><strong>Fun.</strong></span> <span class='ocrx_word' id='word_1_184' title='bbox 356 3143 450 3207; x_wconf 86' lang='lat' dir='ltr'><strong>dixit:</strong></span> <span class='ocrx_word' id='word_1_185' title='bbox 474 3143 536 3210; x_wconf 83' lang='lat' dir='ltr'><strong>Sed</strong></span> <span class='ocrx_word' id='word_1_186' title='bbox 559 3162 631 3208; x_wconf 85' lang='lat' dir='ltr'><strong>anm</strong></span> <span class='ocrx_word' id='word_1_187' title='bbox 653 3145 719 3225; x_wconf 86' lang='lat' dir='ltr'><strong>illo,</strong></span> <span class='ocrx_word' id='word_1_188' title='bbox 743 3146 798 3227; x_wconf 89' lang='lat' dir='ltr'><strong>qui</strong></span> <span class='ocrx_word' id='word_1_189' title='bbox 820 3145 922 3210; x_wconf 83' lang='lat' dir='ltr'><strong>estin</strong></span> <span class='ocrx_word' id='word_1_190' title='bbox 945 3145 1061 3210; x_wconf 77' lang='lat' dir='ltr'><strong>modio.</strong></span> 
     </span>
    </p>

    <p class='ocr_par' dir='ltr' id='par_1_19' title="bbox 253 3248 1329 3336">
     <span class='ocr_line' id='line_1_28' title="bbox 253 3248 1329 3336; baseline 0.003 -23"><span class='ocrx_word' id='word_1_191' title='bbox 253 3249 339 3315; x_wconf 78' lang='lat' dir='ltr'><strong>Aua.</strong></span> <span class='ocrx_word' id='word_1_192' title='bbox 359 3248 453 3313; x_wconf 88' lang='lat' dir='ltr'><strong>dixit:</strong></span> <span class='ocrx_word' id='word_1_193' title='bbox 477 3249 644 3315; x_wconf 77' lang='lat' dir='ltr'><strong>sicuttibi</strong></span> <span class='ocrx_word' id='word_1_194' title='bbox 663 3251 797 3336; x_wconf 78' lang='lat' dir='ltr'><strong>elegisti,</strong></span> <span class='ocrx_word' id='word_1_195' title='bbox 817 3271 917 3335; x_wconf 87' lang='lat' dir='ltr'><strong>usque</strong></span> <span class='ocrx_word' id='word_1_196' title='bbox 935 3251 974 3316; x_wconf 90' lang='lat' dir='ltr'><strong>ad</strong></span> <span class='ocrx_word' id='word_1_197' title='bbox 994 3251 1075 3316; x_wconf 90' lang='lat' dir='ltr'><strong>diem</strong></span> <span class='ocrx_word' id='word_1_198' title='bbox 1095 3270 1166 3316; x_wconf 89' lang='lat' dir='ltr'><strong>eum</strong></span> <span class='ocrx_word' id='word_1_199' title='bbox 1183 3251 1238 3316; x_wconf 89' lang='lat' dir='ltr'><strong>illo</strong></span> <span class='ocrx_word' id='word_1_200' title='bbox 1258 3250 1329 3316; x_wconf 86' lang='lat' dir='ltr'><strong>eris.</strong></span> 
     </span>
    </p>

    <p class='ocr_par' dir='ltr' id='par_1_20' title="bbox 251 3354 1006 3441">
     <span class='ocr_line' id='line_1_29' title="bbox 251 3354 1006 3441; baseline 0.004 -22"><span class='ocrx_word' id='word_1_201' title='bbox 251 3355 331 3420; x_wconf 72' lang='lat' dir='ltr'><strong>Fun.</strong></span> <span class='ocrx_word' id='word_1_202' title='bbox 355 3354 448 3419; x_wconf 93' lang='lat' dir='ltr'><strong>dixit:</strong></span> <span class='ocrx_word' id='word_1_203' title='bbox 471 3355 594 3433; x_wconf 79' lang='lat' dir='ltr'><strong>Etiam:</strong></span> <span class='ocrx_word' id='word_1_204' title='bbox 618 3361 650 3421; x_wconf 91' lang='lat' dir='ltr'><strong>et</strong></span> <span class='ocrx_word' id='word_1_205' title='bbox 673 3376 731 3441; x_wconf 88' lang='lat' dir='ltr'><strong>ego</strong></span> <span class='ocrx_word' id='word_1_206' title='bbox 753 3358 814 3423; x_wconf 83' lang='lat' dir='ltr'><strong>hoe</strong></span> <span class='ocrx_word' id='word_1_207' title='bbox 835 3358 1006 3424; x_wconf 77' lang='lat' dir='ltr'><strong>consentio.</strong></span> 
     </span>
    </p>

    <p class='ocr_par' dir='ltr' id='par_1_21' title="bbox 208 3460 1372 3644">
     <span class='ocr_line' id='line_1_30' title="bbox 253 3460 1329 3542; baseline 0.001 -17"><span class='ocrx_word' id='word_1_208' title='bbox 253 3460 474 3532; x_wconf 72' lang='lat' dir='ltr'><strong>BONIFAOIUS</strong></span> <span class='ocrx_word' id='word_1_209' title='bbox 508 3460 602 3526; x_wconf 86' lang='lat' dir='ltr'><strong>dixit:</strong></span> <span class='ocrx_word' id='word_1_210' title='bbox 638 3463 814 3527; x_wconf 82' lang='lat' dir='ltr'><strong>Praestabit</strong></span> <span class='ocrx_word' id='word_1_211' title='bbox 845 3463 1009 3542; x_wconf 82' lang='lat' dir='ltr'><strong>Christus,</strong></span> <span class='ocrx_word' id='word_1_212' title='bbox 1044 3464 1082 3527; x_wconf 90' lang='lat' dir='ltr'><strong>ut</strong></span> <span class='ocrx_word' id='word_1_213' title='bbox 1113 3461 1140 3526; x_wconf 89' lang='lat' dir='ltr'><strong>si</strong></span> <span class='ocrx_word' id='word_1_214' title='bbox 1172 3480 1244 3526; x_wconf 84' lang='lat' dir='ltr'><strong>cnm</strong></span> <span class='ocrx_word' id='word_1_215' title='bbox 1274 3461 1329 3526; x_wconf 87' lang='lat' dir='ltr'><strong>illo</strong></span> 
     </span>
     <span class='ocr_line' id='line_1_31' title="bbox 208 3565 1372 3644; baseline 0.009 -16"><span class='ocrx_word' id='word_1_216' title='bbox 208 3565 343 3644; x_wconf 71' lang='lat' dir='ltr'><strong>ueniam.</strong></span> <span class='ocrx_word' id='word_1_217' title='bbox 369 3565 557 3632; x_wconf 80' lang='lat' dir='ltr'><strong>christianus</strong></span> <span class='ocrx_word' id='word_1_218' title='bbox 581 3571 639 3632; x_wconf 85' lang='lat' dir='ltr'><strong>est.</strong></span> <span class='ocrx_word' id='word_1_219' title='bbox 1345 3599 1372 3638; x_wconf 82' lang='lat' dir='ltr'><strong>se</strong></span> 
     </span>
    </p>
   </div>
   <div class='ocr_carea' id='block_1_3' title="bbox 207 3823 1329 4076">
    <p class='ocr_par' dir='ltr' id='par_1_22' title="bbox 207 3823 1329 4076">
     <span class='ocr_line' id='line_1_32' title="bbox 244 3823 1329 3899; baseline 0 -19"><span class='ocrx_word' id='word_1_220' title='bbox 244 3830 335 3896; x_wconf 81' lang='lat' dir='ltr'><strong>leap.</strong></span> <span class='ocrx_word' id='word_1_221' title='bbox 353 3825 436 3879; x_wconf 84' lang='lat' dir='ltr'><strong>XXb</strong></span> <span class='ocrx_word' id='word_1_222' title='bbox 507 3823 677 3891; x_wconf 76' lang='lat' dir='ltr'><strong>dilectionem</strong></span> <span class='ocrx_word' id='word_1_223' title='bbox 696 3832 770 3880; x_wconf 87' lang='lat' dir='ltr'><strong>tuam</strong></span> <span class='ocrx_word' id='word_1_224' title='bbox 787 3833 850 3898; x_wconf 89' lang='lat' dir='ltr'><strong>peto</strong></span> <span class='ocrx_word' id='word_1_225' title='bbox 868 3829 896 3882; x_wconf 92' lang='lat' dir='ltr'><strong><em>P</em></strong></span> <span class='ocrx_word' id='word_1_226' title='bbox 962 3830 982 3882; x_wconf 33' lang='lat'><strong>*4</strong></span> <span class='ocrx_word' id='word_1_227' title='bbox 1000 3827 1135 3899; x_wconf 85' lang='lat' dir='ltr'><strong>periendie</strong></span> <span class='ocrx_word' id='word_1_228' title='bbox 1152 3828 1180 3883; x_wconf 99' lang='grc' dir='ltr'><em>Β</em></span> <span class='ocrx_word' id='word_1_229' title='bbox 1247 3829 1329 3897; x_wconf 74' lang='lat' dir='ltr'><strong>ipo·-</strong></span> 
     </span>
     <span class='ocr_line' id='line_1_33' title="bbox 207 3915 1329 3987; baseline 0.001 -18"><span class='ocrx_word' id='word_1_230' title='bbox 207 3917 272 3970; x_wconf 87' lang='lat' dir='ltr'><strong>teris</strong></span> <span class='ocrx_word' id='word_1_231' title='bbox 289 3915 318 3970; x_wconf 84' lang='lat' dir='ltr'><em>R</em></span> <span class='ocrx_word' id='word_1_232' title='bbox 388 3915 609 3984; x_wconf 82' lang='lat' dir='ltr'><strong>8praestitutam</strong></span> <span class='ocrx_word' id='word_1_233' title='bbox 626 3915 654 3970; x_wconf 99' lang='grc' dir='ltr'><em>Β</em></span> <span class='ocrx_word' id='word_1_234' title='bbox 727 3916 758 3969; x_wconf 84' lang='grc'><strong>13</strong></span> <span class='ocrx_word' id='word_1_235' title='bbox 776 3915 883 3987; x_wconf 86' lang='lat' dir='ltr'><strong>habear]</strong></span> <span class='ocrx_word' id='word_1_236' title='bbox 902 3916 952 3971; x_wconf 77' lang='lat' dir='ltr'><strong>har</strong></span> <span class='ocrx_word' id='word_1_237' title='bbox 969 3917 997 3972; x_wconf 99' lang='grc' dir='ltr'><em>Β</em></span> <span class='ocrx_word' id='word_1_238' title='bbox 1069 3918 1101 3970; x_wconf 79' lang='grc'><strong>11</strong></span> <span class='ocrx_word' id='word_1_239' title='bbox 1120 3917 1329 3972; x_wconf 83' lang='lat' dir='ltr'><strong>anathematiza-</strong></span> 
     </span>
     <span class='ocr_line' id='line_1_34' title="bbox 209 3999 1329 4076; baseline 0.001 -18"><span class='ocrx_word' id='word_1_240' title='bbox 209 4020 271 4058; x_wconf 86' lang='lat' dir='ltr'><strong>uero</strong></span> <span class='ocrx_word' id='word_1_241' title='bbox 294 4004 372 4058; x_wconf 82' lang='lat' dir='ltr'><em>T²Pb</em></span> <span class='ocrx_word' id='word_1_242' title='bbox 435 4005 467 4058; x_wconf 88' lang='grc'><strong>19</strong></span> <span class='ocrx_word' id='word_1_243' title='bbox 486 3999 574 4058; x_wconf 88' lang='lat' dir='ltr'><strong>uictus</strong></span> <span class='ocrx_word' id='word_1_244' title='bbox 592 4021 642 4059; x_wconf 89' lang='lat' dir='ltr'><strong>om.</strong></span> <span class='ocrx_word' id='word_1_245' title='bbox 660 4003 688 4059; x_wconf 85' lang='grc' dir='ltr'><em>Β</em></span> <span class='ocrx_word' id='word_1_246' title='bbox 748 4006 783 4058; x_wconf 75' lang='lat'><strong>‘24</strong></span> <span class='ocrx_word' id='word_1_247' title='bbox 800 4005 861 4059; x_wconf 85' lang='lat' dir='ltr'><strong>istis</strong></span> <span class='ocrx_word' id='word_1_248' title='bbox 878 4004 1046 4076; x_wconf 70' lang='lat' dir='ltr'><strong>presentibus</strong></span> <span class='ocrx_word' id='word_1_249' title='bbox 1064 4005 1107 4058; x_wconf 84' lang='lat' dir='ltr'><strong>Pb</strong></span> <span class='ocrx_word' id='word_1_250' title='bbox 1161 4005 1329 4059; x_wconf 68' lang='grc'><strong>2511111111</strong></span> 
     </span>
    </p>
   </div>
   <div class='ocr_carea' id='block_1_4' title="bbox 208 4092 1330 4235">
    <p class='ocr_par' dir='ltr' id='par_1_23' title="bbox 208 4092 1330 4235">
     <span class='ocr_line' id='line_1_35' title="bbox 209 4092 1330 4174; baseline 0 -28"><span class='ocrx_word' id='word_1_251' title='bbox 209 4093 244 4146; x_wconf 84' lang='grc'><strong>26</strong></span> <span class='ocrx_word' id='word_1_252' title='bbox 266 4093 329 4146; x_wconf 78' lang='lat' dir='ltr'><strong>ntis</strong></span> <span class='ocrx_word' id='word_1_253' title='bbox 351 4094 379 4146; x_wconf 84' lang='lat' dir='ltr'><strong>et</strong></span> <span class='ocrx_word' id='word_1_254' title='bbox 400 4107 451 4162; x_wconf 87' lang='lat' dir='ltr'><strong>ego</strong></span> <span class='ocrx_word' id='word_1_255' title='bbox 470 4092 632 4174; x_wconf 58' lang='lat' dir='ltr'><strong>vconsentium</strong></span> <span class='ocrx_word' id='word_1_256' title='bbox 659 4092 707 4146; x_wconf 88' lang='lat' dir='ltr'><strong>sed</strong></span> <span class='ocrx_word' id='word_1_257' title='bbox 728 4108 783 4162; x_wconf 79' lang='lat' dir='ltr'><strong>sqq.</strong></span> <span class='ocrx_word' id='word_1_258' title='bbox 808 4093 824 4146; x_wconf 83' lang='lat' dir='ltr'><strong>d</strong></span> <span class='ocrx_word' id='word_1_259' title='bbox 912 4093 947 4147; x_wconf 84' lang='lat'><strong>28</strong></span> <span class='ocrx_word' id='word_1_260' title='bbox 972 4092 1216 4147; x_wconf 51' lang='lat' dir='ltr'><strong>felix-consentio¹</strong></span> <span class='ocrx_word' id='word_1_261' title='bbox 1237 4109 1286 4147; x_wconf 77' lang='lat' dir='ltr'><strong>ors.</strong></span> <span class='ocrx_word' id='word_1_262' title='bbox 1315 4093 1330 4146; x_wconf 85' lang='lat' dir='ltr'><strong><em>b</em></strong></span> 
     </span>
     <span class='ocr_line' id='line_1_36' title="bbox 208 4178 704 4235; baseline 0.006 -3"><span class='ocrx_word' id='word_1_263' title='bbox 208 4180 243 4235; x_wconf 74' lang='lat'><strong>99</strong></span> <span class='ocrx_word' id='word_1_264' title='bbox 260 4178 414 4234; x_wconf 78' lang='lat' dir='ltr'><strong>bonefacius</strong></span> <span class='ocrx_word' id='word_1_265' title='bbox 432 4178 507 4234; x_wconf 74' lang='lat' dir='ltr'><strong>Pale</strong></span> <span class='ocrx_word' id='word_1_266' title='bbox 702 4186 704 4191; x_wconf 82' lang='lat'>&#39;</span> 
     </span>
    </p>
   </div>
   <div class='ocr_carea' id='block_1_5' title="bbox 0 0 1479 4628">
    <p class='ocr_par' dir='ltr' id='par_1_24' title="bbox 0 0 1479 4628">
     <span class='ocr_line' id='line_1_37' title="bbox 0 0 1479 4628; baseline 0 0"><span class='ocrx_word' id='word_1_267' title='bbox 0 0 1479 4628; x_wconf 95' lang='lat' dir='ltr'><strong> </strong></span> 
     </span>
    </p>
   </div>
  </div>
 </body>
</html>
