2940 4628
230 274 294 359 840
580 272 605 323 S.
624 269 758 323 Aureli
784 270 978 340 Augustini

140 488 141 491 ¹
229 460 390 533 sensisset.
415 486 487 531 cum
510 470 615 530 autem
636 467 700 530 iam
723 465 849 544 abillo,
873 465 924 530 cui
947 468 1155 546 consenserat,
1178 470 1345 548 teneretur,

229 594 289 640 non
313 575 385 656 quia
407 573 552 638 diabolus
580 573 698 654 aliquid
725 572 837 656 potuit,
866 571 921 636 sed
948 572 1021 654 quia
1048 573 1097 638 dei
1124 573 1243 639 iustum
1264 574 1346 639 iudi·
1407 622 1409 626 a

229 680 312 744 cium
334 681 396 744 fnit
418 679 490 744 dare
508 679 540 743 in
558 682 747 761 potestatem
767 677 882 742 diaboli
899 678 1068 756 hominem,
1087 680 1140 762 qui
1158 681 1348 765 contempsit
1377 765 1380 771 ,

228 806 320 873 super
342 806 376 852 se
397 788 587 870 potestatem
610 785 660 849 dei
683 788 715 850 et
733 785 800 849 eius
817 784 881 868 legi
900 784 1112 867 obtemperare
1131 786 1249 850 noluit:
1272 787 1346 868 quia

227 915 298 979 ergo
331 894 376 958 sic
407 892 529 957 inuenit
556 889 700 956 Christus
730 893 910 973 peccatores
943 891 1001 954 sub
1033 893 1172 975 peccato,
1205 911 1277 958 eum
1303 893 1346 959 sit
1375 918 1388 958 a

225 1005 389 1086 peccatum
410 1000 442 1063 in
464 998 563 1064 libero
587 997 724 1074 arbitrio,
746 996 909 1061 inueniens
932 998 1110 1079 peccatores
1134 999 1192 1062 sub
1214 1002 1343 1082 peccato
1403 1010 1405 1014 ’

223 1107 358 1172 redemit
375 1104 559 1170 confitentes
577 1122 596 1167 a
614 1103 822 1185 superbiente.
842 1104 925 1185 quod
943 1106 1048 1167 autem
1066 1104 1097 1167 in
1114 1103 1186 1187 lege
1202 1104 1343 1188 positum

226 1216 292 1278 est:
324 1212 550 1276 maledictus
574 1210 703 1288 omnis,
728 1209 790 1289 qui
812 1209 949 1291 pendet
969 1209 1006 1272 in
1028 1211 1141 1294 ligno,
1165 1211 1248 1277 unde
1271 1231 1343 1295 apo·

223 1321 324 1384 stolus
349 1319 444 1382 dicit:
479 1316 653 1382 Christus
676 1334 741 1380 nos
764 1315 922 1379 redemit
944 1316 986 1379 de
1009 1316 1210 1382 maledicto
1232 1318 1341 1405 legis,

221 1426 345 1489 factus
384 1443 448 1506 pro
485 1422 590 1487 nobis
628 1421 882 1497 maledictum,
921 1423 1100 1505 scriptum
1139 1425 1195 1487 est
1232 1424 1386 1491 enimzro
1421 1450 1423 1454 ⁴

220 1530 446 1595 maledictus
484 1528 617 1606 omnis,
655 1528 717 1610 qui
753 1528 889 1610 pendet
919 1529 955 1592 in
986 1529 1103 1612 ligno,
1141 1548 1202 1593 non
1237 1530 1341 1613 legem

220 1635 431 1720 reprehendit,
469 1635 524 1699 sed
562 1633 807 1698 misericordiam
839 1633 957 1698 domini
988 1636 1229 1704 commendauit.
1268 1635 1342 1718 quia
1457 1695 1460 1699 .

220 1742 302 1807 enim
323 1741 425 1805 Adam
451 1741 637 1825 peccauerat
664 1742 696 1813 et
723 1729 823 1804 omnis
849 1738 906 1803 illa
930 1758 1036 1806 massa
1058 1743 1090 1805 et
1111 1760 1247 1826 propago
1269 1760 1340 1826 pec-

220 1849 282 1915 cati
311 1848 481 1912 maledicta
512 1850 588 1925 erat,
617 1846 762 1912 dominus
790 1848 894 1910 autem
923 1865 1045 1911 carnem
1073 1847 1110 1913 de
1137 1847 1206 1931 ipsa
1236 1868 1341 1914 massa

221 1956 380 2038 suscipere
403 1953 516 2031 uoluit,
539 1956 575 2017 ut
599 1951 796 2035 suscipiendo
819 1952 1053 2032 mortalitatem,
1078 1973 1157 2036 quae
1181 1955 1219 2020 de
1240 1969 1382 2037 poena1⁵

219 2064 360 2138 uenerat,
385 2061 523 2125 solueret
545 2061 688 2138 mortem,
712 2059 795 2142 quod
818 2059 855 2123 de
878 2057 979 2142 gratia
1000 2059 1155 2138 ueniebat,
1173 2060 1244 2125 ideo
1262 2060 1339 2126 dicit

220 2169 287 2232 lex:
312 2165 537 2230 maledictus
561 2165 689 2244 omnis,
713 2165 776 2247 qui
797 2164 933 2247 pendet
954 2164 989 2228 in
1012 2164 1125 2249 ligno.
1148 2185 1232 2230 mors
1256 2167 1337 2232 enim

219 2274 288 2358 ipsa
319 2271 474 2356 pendebat
503 2270 535 2334 in
568 2271 665 2354 ligno,
697 2289 775 2352 quae
806 2289 890 2334 mors
918 2269 956 2334 de
983 2271 1149 2335 maledicto
1181 2273 1335 2338 ueniebat.
1417 2337 1419 2341 ,

220 2379 375 2462 quomodo
413 2397 486 2462 ergo
524 2377 723 2460 suscipiendo
755 2379 888 2441 mortem
918 2375 1074 2442 interfecit
1104 2380 1254 2457 mortem,
1290 2379 1336 2445 sic

220 2483 417 2565 suscipiendo
440 2482 642 2550 maledictum
666 2481 763 2546 soluit
780 2481 993 2545 maledictum.
1016 2481 1098 2546 unde
1121 2485 1154 2546 et
1174 2484 1335 2567 apostolus
1356 2496 1384 2538 w

220 2590 313 2653 dicit:
346 2575 525 2666 scientes,
560 2587 645 2669 quia
675 2589 787 2651 uetus
818 2587 925 2652 homo
956 2589 1082 2652 noster
1113 2588 1224 2653 simul
1256 2608 1335 2655 eon-

217 2695 315 2759 firus
344 2699 401 2759 est
428 2694 530 2759 cruci
558 2714 638 2758 cum
664 2694 749 2771 illo,
777 2692 850 2775 quia
878 2693 915 2756 de
942 2697 1047 2759 uetere
1070 2693 1195 2759 homine
1217 2696 1334 2775 nostro,

217 2801 250 2865 id
282 2805 331 2866 est
363 2802 400 2865 de
433 2802 516 2866 sorte
547 2799 676 2876 mortis,
709 2818 786 2881 quae
817 2799 965 2864 ueniebat
995 2819 1031 2864 ex
1061 2801 1172 2866 merito
1203 2801 1334 2891 peccati,

219 2907 375 2990 suscipere
399 2906 545 2990 dignatus
568 2909 617 2970 est
639 2924 760 2970 carnem
784 2905 947 2970 mortalem
970 2905 1007 2970 de
1029 2906 1149 2991 uirgine
1171 2907 1280 2985 Maria,
1301 2907 1334 2971 in
1410 2939 1413 2946 =

218 3031 279 3095 qna
306 3014 396 3078 nobis
424 3017 456 3077 et
482 3012 636 3097 passionis
665 3007 697 3076 et
722 3012 956 3078 resurrectionis
977 3014 1138 3097 praeberet
1160 3014 1334 3097 exemplum
1352 3028 1378 3068 2⁶

216 3119 436 3203 -passionis
465 3119 504 3182 ad
529 3108 713 3182 firmandam
739 3119 931 3201 patientiam,
958 3119 1193 3185 resurrectionis
1220 3120 1258 3184 ad
1286 3139 1334 3184 ex-

218 3227 373 3291 citandam
400 3246 488 3311 spem
509 3260 553 3272 -
574 3228 612 3288 ut
638 3225 715 3290 duas
741 3225 825 3290 uitas
848 3225 941 3290 vnobis
969 3225 1147 3291 ostenderet
1171 3225 1204 3289 in
1232 3243 1333 3304 carne,

217 3352 308 3415 quam
341 3331 481 3416 suscepit
511 3332 549 3396 de
585 3331 652 3395 uita
686 3334 793 3396 nostra
826 3331 970 3409 mortali,
1006 3350 1100 3395 unam
1135 3331 1332 3400 laboriosam.

215 3439 346 3529 alteram
362 3441 505 3503 beatam:
527 3438 724 3515 laboriosam,
748 3456 840 3519 quam
862 3439 994 3503 tolerare
1017 3437 1179 3515 debemus,
1197 3437 1330 3528 beatam,

215 3563 307 3626 quam
335 3563 456 3627 sperare
485 3544 645 3608 debemus.
676 3544 846 3608 toleramus
874 3547 979 3608 autem
1006 3544 1194 3609 laboriosam
1220 3543 1332 3610 merito
1347 3558 1373 3598 ³⁰

299 3771 332 3826 21
351 3770 426 3824 Rom.
445 3770 469 3832 6,
488 3769 504 3822 6

247 3893 261 3945 1
281 3891 458 3946 consensisset
474 3890 502 3944 R
554 3891 570 3942 2
588 3891 688 3944 iustum
706 3890 750 3945 dei
768 3890 858 3947 PSRb
912 3893 928 3945 3
947 3891 1088 3947 dare-dei
1102 3909 1151 3948 om.
1165 3891 1258 3946 PRSb
1274 3893 1333 3961 (aed

212 3981 243 4034 in
261 3979 389 4049 Sopatio
407 3983 427 4033 2
444 3995 514 4033 uera
531 3979 639 4046 uacuo.)
676 3981 740 4033 let
757 3996 807 4034 om.
825 3981 853 4034 P
887 3980 1057 4050 beic]si1t
1127 3983 1330 4051 cum-peccato

210 4087 260 4125 oca.
277 4069 321 4123 Ro
346 4070 348 4073 ’
407 4069 440 4121 12
458 4067 511 4138 dni]
531 4067 603 4123 <1113
621 4085 671 4123 om.
690 4068 706 4122 b
789 4069 824 4122 20
842 4067 904 4122 inde
922 4068 970 4124 SR
1049 4068 1081 4122 21
1103 4067 1228 4138 confixus]
1247 4069 1330 4122 cruci-

210 4162 274 4214 fixus
295 4158 348 4212 PR
436 4157 469 4210 25
493 4160 520 4210 et
542 4157 645 4224 (prius)
670 4158 759 4211 anab
849 4158 883 4210 26
907 4157 1075 4228 patientiam]
1092 4156 1268 4228 penitentiam
1286 4158 1329 4212 Pb
