2940 4628
392 273 452 327 vri.
481 273 623 328 eontra
646 274 811 329 uaricem
840 274 903 329 rib.
931 275 966 330 11.
1175 239 1240 345 839

119 469 208 534 uenit
226 467 379 546 Christus,
398 472 436 532 ut
458 487 524 534 eam
548 469 719 533 liberaret?
743 469 825 551 quia,
844 473 882 533 ut
900 470 989 548 dicis,
1007 474 1134 555 propter
1149 472 1239 537 liber·

119 578 218 639 tatem
240 577 379 640 nostram
402 575 499 638 uenit.
524 593 596 658 ergo
618 575 650 642 in
674 574 857 658 captiuitate
879 575 1007 642 fuimus.
1032 576 1059 641 si
1085 576 1117 640 in
1145 579 1241 662 capti-

120 681 220 756 uitate
242 683 426 746 tenebamur
449 684 481 746 et
501 686 666 765 propterea
684 680 828 747 Christus
850 682 948 759 uenit,
967 684 1005 746 ut
1021 701 1078 748 nus
1096 683 1244 751 liberaret

121 787 160 851 de
179 787 372 870 captiuitate‚
389 786 443 868 qui
461 805 518 852 nos
536 788 673 866 tenebat,
691 789 854 852 extraneus
874 807 892 851 a
910 788 1052 853 decorat
1069 791 1125 852 aut
1141 790 1243 876 uirtus
1261 817 1263 820 ·

90 915 103 954 e
123 891 183 956 dei.
203 892 231 957 si
250 892 300 956 dei
318 893 420 958 uirtus
440 896 515 971 erat,
532 893 586 975 qui
603 913 660 959 nos
678 894 815 972 tenebat,
834 894 947 976 utquid
961 893 1120 959 Christum
1139 895 1242 959 mitte-

121 998 178 1062 bat
198 997 263 1075 ille,
288 999 341 1081 qui
363 1018 420 1064 nos
443 1000 595 1064 tenebat?
628 1001 656 1065 si
681 1001 713 1064 in
740 1000 841 1083 ipsius
869 1001 995 1066 arbitrio
1022 1013 1097 1079 erat,
1122 1001 1243 1085 quando
1271 1005 1272 1008 ’

122 1106 222 1170 uellet
244 1105 411 1184 dimittere,
435 1107 549 1189 utquid
572 1105 715 1172 Christus
743 1106 961 1191 crucifigitur?
992 1109 1147 1172 neminem
1170 1127 1243 1192 crgo

122 1211 202 1274 latet
229 1208 389 1275 Christum
417 1211 607 1276 crucifixum.
642 1212 716 1295 quid
742 1212 834 1276 illum
867 1212 1108 1294 crucifixerunt?
1140 1211 1167 1276 si
1195 1212 1245 1276 dei

122 1314 225 1379 uirtus
249 1317 308 1393 est,
332 1314 411 1378 nihil
433 1315 523 1380 nobis
545 1317 686 1381 nocebat
711 1317 739 1382 si
762 1317 812 1381 dei
834 1316 935 1381 uirtus
955 1319 1029 1393 erat,
1048 1336 1108 1381 non
1128 1317 1245 1381 fuimus

82 1446 106 1484 ro
124 1420 208 1512 capti
227 1421 313 1511 apud
335 1421 436 1499 illum,
466 1422 522 1486 sed
549 1423 639 1503 quasi
665 1442 722 1488 nos
750 1442 822 1488 cum
849 1425 955 1488 nostro
982 1423 1129 1506 principe,
1158 1422 1247 1503 quasi

23 1524 25 1528 ’
102 1526 209 1606 Δ21ἰιιε
233 1544 305 1591 curn
327 1528 520 1611 parentibus,
543 1548 605 1594 non
628 1532 733 1594 autern
756 1530 889 1594 Romani
912 1549 983 1594 cum
1005 1529 1154 1594 barbaris.
1185 1547 1246 1592 non

125 1632 290 1715 oportebat
307 1651 391 1717 ergo,
412 1634 485 1716 quia
507 1654 579 1727 cum
601 1636 719 1700 uirtute
742 1636 793 1700 dci
817 1635 979 1701 constituti
1002 1654 1135 1711 eramus,
1155 1635 1247 1698 deurn

125 1738 227 1813 lilium
251 1758 344 1804 suurn
367 1741 502 1819 mittere,
530 1743 568 1804 ut
594 1742 724 1821 dicatur,
753 1742 826 1824 quia
851 1742 999 1807 liberator
1025 1744 1130 1807 noster
1150 1741 1247 1808 uenit.
1304 1756 1307 1760 “

126 1845 154 1910 si
176 1850 265 1928 peret
287 1866 361 1930 ergo
384 1866 441 1912 nos
465 1866 536 1912 eum
558 1848 677 1913 uinute
700 1848 749 1913 dei
772 1848 961 1914 constitutos
985 1867 1064 1926 esse,
1087 1847 1248 1930 apostolus

84 1972 108 2012 ιο
127 1950 222 2015 dixit:
247 1951 422 2018 Christus
445 1973 511 2019 nos
538 1954 723 2020 liberauit
745 1955 787 2019 de
809 1953 1010 2018 maledicto
1032 1953 1140 2037 legis,
1165 1951 1249 2035 quia

126 2057 313 2139 scripturn
338 2064 408 2126 est:
430 2060 657 2125 maledictus
681 2057 808 2137 omnis,
833 2059 895 2140 qui
917 2058 1053 2141 pendet
1074 2058 1109 2122 in
1133 2054 1247 2141 ligno.

126 2165 186 2232 boc
203 2168 296 2234 ,enim
323 2167 488 2252 apostolus
515 2166 602 2230 dicit.
635 2165 662 2230 si
688 2165 760 2244 iste,
789 2165 843 2247 qui
869 2163 1031 2229 maledicit
1053 2183 1173 2242 omnes,
1197 2165 1251 2246 qui

33 2327 35 2330 >
126 2275 263 2358 pendent
293 2275 326 2339 in
356 2274 454 2358 ligno,
483 2272 534 2337 dei
559 2273 663 2337 uirtus
692 2275 805 2337 est-
830 2270 973 2337 Christus
997 2271 1079 2335 enim
1101 2270 1251 2353 pependit

126 2381 159 2445 in
180 2381 268 2466 ligno
292 2384 325 2446 ct
347 2379 483 2465 apostoli
505 2379 605 2463 ipsius
630 2393 747 2456 omnes,
772 2378 826 2460 qui
849 2376 965 2440 addicti
984 2378 1058 2440 sunt
1075 2395 1130 2459 pro
1148 2375 1249 2458 ipsius

44 2479 54 2548 J
82 2490 293 2571 ”praecepto
316 2524 360 2534 —
383 2485 453 2568 quis
482 2488 531 2550 est
556 2485 617 2549 iste
646 2503 729 2568 ergo,
762 2485 815 2566 qui
847 2482 1008 2547 maledicit
1035 2501 1169 2560 omnem,
1196 2481 1250 2564 qui

127 2591 244 2674 pendet
264 2576 297 2657 in
319 2593 433 2675 ligno?

106 2732 109 2738 ·
174 2699 224 2766 il.
247 2699 333 2766 ΑΗΘ.
353 2697 447 2762 dixit:
472 2695 558 2776 Quos
583 2695 726 2762 Christus
749 2696 882 2760 redemit
905 2715 923 2758 a
945 2696 1080 2773 diabolo,
1102 2714 1158 2777 pcr
1179 2713 1250 2759 con·

33 2885 37 2892 ι
129 2803 306 2868 sensionem
334 2821 424 2867 suam
450 2803 637 2867 tenebantur
664 2821 682 2865 a
708 2801 832 2866 diabolo
861 2803 894 2864 et
919 2801 951 2864 in
979 2800 1047 2864 eius
1071 2799 1251 2864 condicione
1294 2799 1296 2804 ’

80 2934 82 2938 ⁴
129 2908 297 2977 constituti¹
322 2911 417 2974 erant
435 2927 491 2992 per
511 2908 631 2973 iustum
656 2907 706 2972 dci
727 2898 890 2986 iudicium,
919 2906 971 2971 cui
994 2905 1156 2971 seducenti
1179 2925 1250 2970 con-

76 3034 112 3083 ae
130 3003 292 3079 senserant
312 3034 368 3098 per
389 3015 524 3079 liberum
548 3014 720 3078 arbitrium.
753 3014 836 3078 sicut
857 3019 964 3077 autem
985 3013 1017 3076 in
1040 3011 1176 3077 bominis
1197 3031 1251 3095 po·
1301 3034 1303 3038 ·

130 3122 246 3184 testate
268 3120 331 3184 fuit
354 3120 477 3185 diabolo
501 3120 687 3198 consentire,
711 3122 748 3185 ut
770 3117 990 3201 captiuaretur,
1019 3118 1064 3182 sic
1092 3118 1125 3181 in
1151 3107 1273 3202 ipsine

132 3224 248 3291 diaboli
269 3228 428 3308 potestate
450 3225 522 3305 fuit,
547 3245 618 3290 curn
646 3226 776 3308 angelus
804 3225 899 3302 esset,
926 3242 1064 3307 peccare,
1088 3226 1123 3287 ut
1145 3223 1177 3287 in
1200 3222 1251 3287 de-

131 3331 229 3398 terius
252 3334 438 3400 mutaretur.
461 3336 608 3417 peccator
625 3352 699 3416 crgo
718 3333 849 3416 angelus
868 3350 923 3415 per
939 3331 1073 3396 liberum
1092 3330 1252 3394 arbitrium

132 3426 233 3502 suasit
245 3441 410 3521 peccatum
423 3438 542 3503 homini
556 3438 684 3503 habenti
700 3438 834 3502 liberum
853 3437 1025 3514 arbitrium,
1043 3439 1080 3500 ut
1098 3435 1252 3512 diabolus,
1270 3519 1274 3529 Ι

87 3562 115 3601 ³⁰
132 3543 160 3608 si
186 3544 352 3622 noluisset,
381 3564 445 3636 non*
469 3547 632 3628 peccasset
661 3544 823 3621 ethome,
851 3543 879 3608 si
906 3542 1070 3619 noluisset,
1098 3560 1158 3605 non
1182 3561 1251 3606 con·

223 3751 254 3803 15
273 3749 332 3806 aar.
351 3743 446 3816 3,s13;
465 3751 545 3804 neue.
564 3753 607 3816 21,
626 3752 660 3835 aa
753 3712 757 3720 ⁴

168 3899 185 3952 5
212 3899 275 3953 uirt'
291 3899 330 3955 ‚dl
358 3901 374 3954 b
472 3901 488 3954 7
516 3902 590 3970 ergo]
616 3905 705 3955 antem
733 3902 748 3954 b
845 3901 862 3954 8
888 3900 934 3970 qui
960 3900 988 3954 R
1089 3901 1123 3953 12
1150 3915 1252 3954 eramus

133 3986 319 4062 consttutilt
385 3990 418 4042 14
435 4005 483 4042 nos
496 3994 562 4058 pust
579 3988 606 4042 dl
626 3990 721 4058 lepitur
737 3990 768 4042 iu
786 3987 877 4044 Peleu
946 3989 977 4041 15
996 3987 1029 4042 de
1046 3986 1199 4058 maledicto]
1219 3987 1251 4041 de

133 4074 181 4130 snb
199 4075 341 4130 maledicto
364 4076 451 4132 TSPb
541 4077 572 4130 ll
591 4077 659 4131 dixit
675 4078 703 4132 R
715 4111 717 4114 -
793 4077 825 4131 18
843 4074 982 4147 pendetS
1067 4075 1097 4130 19
1115 4075 1206 4130 educti
1224 4076 1252 4131 R

132 4163 228 4234 ipsius]
246 4163 304 4218 eine
320 4164 349 4220 R
401 4164 436 4218 20
454 4165 513 4234 quie
532 4181 594 4233 ergo
613 4165 664 4219 iste
684 4167 758 4219 estb
812 4167 846 4218 22
866 4164 936 4235 quod
954 4163 981 4218 R
1034 4163 1071 4216 ‘bb
1086 4163 1147 4216 luit
1162 4164 1267 4215 ΜΗ.
