2940 4628
533 281 744 348 Praefatio.
843 330 848 341 ,
1075 322 1076 326 1
1124 282 1196 347 XXI

79 478 197 539 textum
212 476 464 540 constituendum
479 477 686 541 adhibitorum
701 479 827 559 apparet
840 476 961 539 nullum
975 478 1030 538 aut
1039 477 1195 538 uetustate

79 589 134 644 aut
155 582 294 646 bonitate
319 583 477 647 excellere.
502 601 573 645 nam
596 582 843 655 uetustissimus,
867 581 934 645 dico
958 580 1194 645 Bononiensem.

36 695 38 699 ’
78 688 239 751 saeculum
257 687 286 750 X
305 707 365 751 non
385 690 519 770 superat.
539 706 574 752 ac
593 707 652 752 non
672 688 770 751 solam
790 686 1005 768 antiquitatem
1023 686 1194 750 bonitatem

78 792 212 857 fidemne
244 793 360 857 codicis
393 793 492 858 iacere
525 794 585 857 etsi
617 794 762 870 concedo,
785 795 899 867 tamen,
923 792 951 855 si
981 791 1064 856 idem
1096 792 1195 854 111111
1256 874 1259 885 Ι

76 897 181 974 habet,
206 917 284 979 quae
308 900 426 961 nullam
448 918 520 982 prae
543 919 577 963 se
600 899 699 962 ferant
722 898 857 982 speciem
880 897 1021 962 ueritatis
1039 899 1094 960 ant
1112 900 1193 961 certe

77 1004 370 1079 uerisimilitudinis,
404 1024 526 1069 summa
557 1004 699 1069 cautione
721 1005 757 1072 in
777 1023 812 1067 eo
836 1003 1008 1068 adhibendo
1036 1015 1113 1086 opus
1137 1003 1194 1068 erit

77 1110 263 1192 saepiusque
279 1110 407 1174 rationis
426 1111 459 1173 ui
477 1118 509 1175 11
527 1110 761 1193 argumentandi
778 1109 909 1173 ueritate
923 1110 1192 1173 monumentorum

75 1215 169 1279 fidem
183 1217 322 1296 superari
337 1234 464 1280 necesse
484 1216 551 1280 erit.
567 1234 645 1297 quae
661 1234 731 1279 cum
745 1215 790 1278 ita
804 1215 876 1293 sint,
890 1215 949 1280 hoc
964 1217 1013 1278 est
1025 1214 1191 1279 tenendum

75 1339 125 1384 me
149 1321 288 1385 codicem
311 1322 337 1384 B
368 1321 478 1386 ducem
503 1325 646 1387 secutum
670 1340 738 1385 esse
762 1339 822 1384 non
845 1323 1003 1406 auctorem
1027 1320 1108 1384 omni
1132 1320 1192 1384 fide
1242 1383 1247 1389 .

76 1426 205 1509 dignum
229 1427 284 1491 sed
308 1427 391 1507 quod
414 1427 509 1490 alium
532 1428 770 1509 probabiliorem
792 1426 961 1490 inuenirem
980 1425 1110 1492 nullum.
1129 1445 1191 1507 quo

75 1531 220 1596 eodexh
248 1528 342 1595 etiam
365 1531 485 1611 aliquot
508 1532 654 1614 gradibus
678 1533 861 1596 auctoritate
882 1531 1009 1596 inferior
1026 1533 1076 1596 111
1092 1549 1191 1613 neque

74 1637 256 1702 manifestae
288 1638 536 1720 interpolationis
569 1638 746 1720 suspicione
779 1640 862 1702 caret
893 1637 982 1702 uelut
1018 1656 1087 1701 cum
1119 1655 1189 1720 pag.

75 1744 147 1806 109.
172 1743 302 1806 111111
334 1742 383 1806 uel
412 1742 516 1822 loquor
548 1744 680 1808 exhibet.
714 1743 809 1807 ceteri
840 1742 962 1807 codices
993 1742 1054 1807 nisi
1084 1761 1190 1808 comm

73 1849 125 1912 hie
147 1849 213 1912 illio
245 1848 386 1931 speciosa
418 1849 568 1930 quaedam
601 1839 752 1932 scriptura
774 1849 919 1926 eluceret,
943 1863 1042 1930 neque
1066 1849 1189 1914 omnino

71 1955 104 2018 in
117 1954 221 2019 uerbis
235 1954 422 2038 refingendis
439 1955 539 2022 ullum
554 1954 807 2018 considerationis
822 1956 1013 2018 momentum
1023 1954 1188 2027 efficerent.

72 2078 172 2140 neque
195 2060 317 2124 codices
341 2060 490 2125 classium
513 2060 690 2124 discrimine
714 2060 896 2141 disponendi
914 2062 1004 2134 sunt;
1028 2060 1189 2135 nonenim

73 2185 108 2230 ex
130 2186 192 2232 nno
215 2166 300 2230 fonte
323 2168 484 2246 tamquam
506 2167 601 2230 riuuli
623 2166 785 2243 fluxerunt,
809 2166 916 2231 sedin
940 2154 1074 2249 singulis
1097 2167 1189 2230 rebus

72 2275 219 2337 coeuntes
250 2276 354 2337 tamen
386 2274 531 2338 11111111
562 2274 593 2337 11
627 2274 765 2338 diuersas
800 2275 903 2356 partes
935 2274 1059 2338 abeunt.
1092 2275 1189 2354 atque

71 2379 183 2443 artiore
206 2379 333 2458 uinculo
357 2374 500 2461 quamuis
524 2381 718 2444 saeoulomm
740 2379 906 2446 interuallo
935 2377 1188 2444 disiuncti‘boni·

71 2486 138 2548 tate
169 2503 240 2548 cum
270 2485 334 2550 illis
362 2486 445 2549 haud
469 2485 667 2568 comparandi
694 2484 741 2550 PS
769 2485 850 2548 inter
872 2504 905 2549 se
929 2485 1134 2563 continentum
1157 2484 1188 2547 in

71 2588 142 2653 aliis
167 2592 283 2654 autem
322 2592 414 2657 modo
452 2593 478 2655 B
520 2591 730 2656 recensionem
763 2594 930 2668 sectantur,
961 2589 1054 2656 modo
1092 2590 1130 2655 ad
1163 2590 1187 2652 Α

71 2697 288 2778 aggregantur.
317 2695 343 2758 Β
377 2698 409 2759 11
435 2696 463 2759 Α
485 2715 559 2761 1111
591 2697 631 2759 11
661 2715 754 2760 unam
781 2696 930 2760 familiam
953 2714 1013 2759 non
1035 2695 1188 2778 pertinere

53 2814 141 2864 ‘cum
173 2800 243 2864 aliis
274 2801 368 2866 rebus
402 2801 613 2866 differentibus
645 2805 712 2865 tum
744 2802 894 2866 uarietate
925 2802 1094 2884 lectionum
1116 2821 1187 2885 pag.

71 2908 123 2972 83.
149 2909 188 2970 10
208 2909 239 2970 et
260 2909 331 2973 109.
353 2910 394 2972 20
413 2909 575 2975 euincitnr.
594 2909 666 2988 hinc
685 2909 762 2972 mihi
779 2910 935 2973 interdum
952 2908 1059 2972 11111
1078 2909 1186 2973 deteri-

70 3012 175 3076 oribus
196 3012 284 3076 libris
308 3014 447 3096 singulas
471 3015 639 3096 scripturas
661 3015 813 3098 repetenti
834 3015 899 3079 fore
923 3017 959 3077 ut
980 3013 1071 3079 uenia
1099 3015 1188 3078 detur

40 3167 43 3170 <
69 3135 158 3200 spero
181 3117 374 3198 confidoque,
399 3137 470 3182 cum
492 3119 672 3202 praesertim
696 3137 772 3201 quas
795 3119 930 3183 rationes
948 3119 1008 3183 hoc
1025 3119 1187 3184 habuisset

68 3241 222 3305 quamque
245 3223 381 3288 salutare
403 3212 517 3287 fuisset
538 3244 599 3289 non
622 3225 720 3288 semel
744 3224 827 3289 docti
849 3243 969 3288 sumus.

403 3520 567 3587 CONTRA
590 3417 854 3588 {himnorum

113 3645 214 3710 Codex
232 3646 423 3711 Parisinus
443 3665 570 3710 numero
593 3646 696 3710 12217
714 3645 801 3729 (olim
816 3644 1088 3729 sangermanensis
1108 3646 1184 3729 760)
1211 3661 1236 3725 p

67 3751 134 3816 eius
165 3752 374 3817 bibliothecae
396 3753 428 3816 in
451 3772 511 3835 qua
538 3755 716 3818 1111111111
737 3751 905 3836 insignitus
931 3753 1184 3817 membranaceus

65 3855 284 3921 miscellaneus
316 3857 347 3920 11
371 3860 404 3920 4ο
427 3858 579 3940 scriptura
610 3858 828 3941 langobardica
859 3858 976 3922 saeculi
999 3858 1085 3922 VlIll
1117 3877 1182 3922 exa·

65 3963 151 4025 ratus
174 3961 258 4027 foliis
278 3964 341 4026 210
360 3966 492 4027 constat.
512 3967 618 4028 contra
635 3963 836 4027 Adimantum
855 3963 1042 4047 opusculum
1062 3964 1184 4028 exhibet

66 4065 119 4131 fol.
145 4067 726 4151 56-11211111111111111111111.
751 4069 788 4133 ab
815 4068 1056 4134 undetricesimo
1084 4088 1183 4151 usque

67 4171 106 4236 ad
135 4172 329 4236 tricesimum
361 4173 516 4254 quintum,
553 4192 683 4256 quorum
719 4174 838 4238 numeri
868 4175 901 4238 iu
933 4176 1017 4239 ealce
1054 4174 1182 4238 ultimae
