2940 4628
583 265 797 320 Praefatio.
1153 267 1258 332 LXXI

128 462 192 527 cari
209 460 334 545 possint
352 478 431 542 quae
449 459 547 525 fuerit
564 478 621 525 nos
639 460 736 537 latet;
760 478 950 542 quamquam
967 459 1087 523 nullam
1105 477 1254 542 umquem

127 566 226 632 fuisse
255 566 284 631 si
312 565 408 643 dicas,
441 564 527 629 haud
557 567 635 647 puto
658 566 690 629 te
721 564 859 630 multum
891 583 1010 642 errare,
1043 564 1156 629 etenim
1189 564 1257 629 fieri

127 671 241 755 potuit,
257 674 295 735 ut
307 671 483 737 rubricator
496 670 613 736 codicis
631 669 727 735 finem
745 669 895 734 mutilum
914 669 1025 736 uidens
1043 689 1082 735 ne
1100 670 1132 735 in
1151 670 1254 735 animo

127 778 272 843 habuerit
303 778 430 860 quidem
466 777 636 860 quicquam
672 777 837 842 ascribere.
870 779 958 842 totus
993 779 1147 841 tractatus
1183 795 1255 841 eum

126 884 323 950 librariorum
337 902 427 949 suam
442 883 575 966 quisque
592 885 714 966 partem
729 882 926 967 castigasset,
942 901 1036 948 suum
1050 885 1255 948 correctorem

59 1057 62 1062 .
127 994 182 1058 est,
198 993 352 1073 expertus,
377 989 432 1071 qui
453 989 538 1054 idem
562 992 612 1054 661
634 989 752 1055 saeculi
774 989 830 1068 XI,
854 989 945 1054 cuius
968 1007 1080 1053 manus
1108 990 1141 1054 et
1167 989 1256 1055 fusco

127 1095 295 1160 atramenti
318 1097 421 1160 colore
446 1097 478 1160 61
494 1094 672 1160 litterarum
690 1094 788 1158 ductu
806 1093 955 1159 facillime
974 1093 1155 1160 dinoscitur.
1174 1095 1257 1159 idem

129 1201 313 1267 schedulam
332 1202 429 1266 uerba
447 1220 514 1284 cap.
535 1201 666 1266 45-47
687 1201 958 1283 complectentem,
975 1219 1055 1282 quac
1072 1199 1141 1265 folii
1158 1200 1258 1265 instar

125 1327 255 1373 numero
280 1308 320 1370 77
344 1307 496 1392 insignita
518 1310 577 1387 est,
602 1307 750 1373 edolauit.
775 1308 869 1389 atque
893 1307 1047 1371 corrector
1069 1306 1255 1374 emendandi

124 1413 249 1478 libidini
272 1413 350 1479 satis
378 1413 566 1496 obsequiose
592 1412 737 1480 indulsit.
764 1412 792 1478 is
817 1412 898 1477 enim
922 1431 984 1478 non
1007 1411 1110 1477 solum
1131 1411 1253 1478 litteras

125 1520 304 1604 syllabasue
329 1522 361 1586 et
383 1520 525 1606 singulas
548 1539 644 1586 uoces
666 1520 712 1584 ita
729 1518 870 1597 correxit,
889 1519 927 1583 ut
944 1536 999 1602 pro
1017 1517 1142 1584 traditis
1160 1537 1255 1601 praue

125 1645 205 1708 quae
223 1627 253 1692 ei
270 1646 289 1691 a
307 1627 463 1692 sententia
480 1646 542 1692 non
560 1626 678 1693 absona
695 1625 877 1691 uiderentur
896 1643 932 1689 ea
949 1626 1027 1691 noce
1045 1624 1094 1688 oet
1112 1623 1256 1707 apposita

15 1717 18 1721 ’
125 1732 181 1794 aut
202 1731 456 1814 superscriberct
471 1736 527 1797 aut
548 1733 581 1798 in
603 1732 744 1817 margine
768 1731 904 1809 adderet,
928 1749 1039 1797 uerum
1058 1729 1152 1794 etiam
1170 1732 1255 1795 totus

125 1838 297 1903 sententias
330 1838 368 1902 ab
401 1857 437 1903 66
471 1838 526 1920 qui
557 1837 696 1902 codicem
729 1835 857 1920 scripsit
887 1836 1021 1902 omissas
1052 1836 1083 1900 in
1116 1836 1254 1921 margine

123 1944 269 2010 inferiore
301 1944 493 2028 appingeret.
525 1963 674 2016 resuere
707 1943 747 2008 ad
777 1942 1026 2027 intellegendum
1057 1960 1254 2025 quacumque

124 2050 162 2115 de
194 2068 289 2116 causa
321 2050 511 2117 difficiliores
543 2051 725 2116 obseruauit
755 2053 788 2115 et
817 2049 953 2133 legentis
986 2048 1125 2113 animum
1163 2049 1253 2133 signo

123 2155 209 2239 quod
236 2157 287 2221 est
312 2176 328 2219 r
355 2155 387 2219 in
415 2155 555 2239 margine
587 2154 743 2237 adscripto
775 2153 815 2218 ad
846 2172 899 2220 cas
932 2153 1095 2219 aduertere
1129 2153 1254 2219 studuit

123 2265 217 2344 atque
239 2265 277 2326 ut
298 2261 353 2326 ille
376 2260 547 2328 manifesta
567 2260 765 2326 librariorum
792 2260 872 2325 uitia
897 2260 1079 2339 trucidauit,
1102 2261 1148 2324 ita
1169 2259 1254 2324 haud

119 2386 188 2433 raro
212 2368 325 2452 probas
350 2367 521 2451 scripturas
545 2365 729 2449 deprauauit
751 2384 894 2448 quaeque
917 2365 1001 2430 haud
1023 2365 1068 2429 ita
1089 2365 1254 2430 intellectu

75 2490 76 2493 ’
121 2473 263 2538 difficilia
296 2476 402 2539 essent
432 2473 465 2538 in
498 2472 680 2538 deteriorem
712 2475 834 2555 partem
866 2471 1006 2549 correxit,
1047 2473 1081 2534 ut
1116 2490 1177 2537 non
1213 2470 1253 2535 ad

112 2581 277 2664 'exemplar
298 2579 415 2664 legisse
439 2599 511 2644 eum
536 2581 778 2644 consentaneum
801 2577 852 2644 sit.
877 2577 963 2660 quod
984 2580 1102 2642 temere
1120 2576 1252 2642 iudicari

119 2697 157 2750 116
181 2685 253 2768 quis
276 2685 455 2765 arbitretur,
474 2704 536 2750 uno
557 2686 696 2768 exemplo
719 2684 860 2750 leuitatis
880 2683 1018 2748 criminis
1037 2682 1250 2766 suspicionem

121 2776 233 2857 eluam.
257 2811 328 2856 nam
352 2812 425 2857 cum
448 2791 553 2874 quiuis
580 2792 707 2875 linguae
733 2790 850 2855 latinae
878 2789 1104 2857 consuetudine
1130 2791 1249 2854 tinctus

120 2897 181 2962 alio
206 2897 312 2963 codice
330 2898 363 2962 in
386 2891 564 2963 subsidium
588 2916 648 2962 non
672 2896 813 2963 adhibito
837 2896 1076 2979 quod933,18
1099 2895 1250 2960 traditum

120 3005 169 3067 est
191 3003 356 3068 6111611616
377 3003 527 3069 facillimo
550 3003 676 3087 negotio
703 3003 736 3066 iu
768 3002 911 3066 odedum
937 3004 1116 3066 mutaturus
1142 3001 1245 3074 fuerit,

118 3108 173 3174 1116
189 3110 256 3173 siue
272 3109 410 3173 sedatum
428 3109 590 3174 scribendo
609 3108 767 3191 specimen
781 3104 934 3173 acuminis
946 3106 1065 3192 ingenii
1079 3106 1249 3192 egregium.

120 3215 227 3282 edidit.
251 3234 313 3280 uno
336 3216 406 3280 loco
431 3214 642 3297 explicationis
667 3232 761 3278 causa
783 3212 822 3276 ad
849 3231 961 3278 uocem
984 3213 1093 3278 auctor
1114 3211 1146 3275 in
1169 3231 1248 3275 mar.

119 3322 190 3407 gine
221 3320 256 3384 id
287 3324 331 3384 cst
360 3320 436 3383 mali
468 3319 640 3386 adnotauit.
673 3319 711 3383 ab
744 3318 855 3384 eodem
887 3319 1059 3385 correctore
1081 3317 1248 3381 maximam

119 3430 238 3512 partem
271 3428 366 3493 etiam
399 3426 636 3492 distinctionum
665 3425 757 3509 signa
780 3429 811 3490 61
834 3427 981 3490 66661116
1007 3422 1147 3507 profecta
1175 3426 1249 3488 sunt

118 3533 210 3597 uelut
233 3531 367 3606 11661111,
390 3531 480 3611 fodit,
503 3536 636 3611 speram.

163 3638 260 3705 Cuius
293 3636 409 3703 codicis
440 3636 545 3720 imago
576 3639 614 3700 ut
645 3656 790 3720 expressa
818 3639 916 3714 exeat,
939 3637 1047 3713 166161,
1071 3637 1109 3699 ut
1130 3635 1246 3718 quibus

117 3744 241 3809 mendis
272 3742 356 3808 unde
388 3740 541 3828 originem
568 3742 765 3809 ualentibus
791 3741 974 3826 inquinatus
1002 3741 1044 3806 sit
1064 3740 1173 3824 paucis
1197 3760 1242 3805 61-

118 3869 241 3933 ponam,
257 3869 330 3914 cum
347 3850 530 3933 praesertim
547 3868 619 3913 eum
632 3848 664 3912 in
678 3848 867 3914 recensendo
885 3848 945 3913 hoc
961 3847 1114 3931 opusculo
1133 3845 1245 3911 ducem

118 3956 179 4022 sim
206 3958 345 4021 secutus.
373 3941 524 4019 uitiorum
551 3956 658 4019 autem
685 3972 785 4039 genus
813 3973 884 4019 cum
915 3955 1019 4018 cetera
1040 3952 1104 4018 sint
1124 3952 1245 4017 minuta

116 4061 271 4127 latissime
293 4065 404 4145 patens
427 4061 585 4129 uocalium
608 4063 640 4126 et
662 4060 899 4127 consonantium
922 4059 1150 4144 permutatione
1172 4077 1243 4124 con-

75 4194 76 4198 *
116 4167 243 4233 tinctur.
277 4173 372 4252 atque
404 4169 571 4248 uooalium,
604 4170 641 4232 ut
668 4167 740 4233 inde
773 4167 921 4245 exordiar,
953 4184 970 4230 e
1001 4184 1056 4250 pro
1084 4183 1120 4230 ae
1148 4183 1241 4247 saepe
