2940 4628
604 252 854 322 Corrigenda.

156 450 218 515 663,
238 449 270 502 16
288 449 319 501 ic
337 464 402 515 app.
420 447 478 501 crat.
496 446 667 500 scribendum
684 451 760 500 erat:
777 444 850 500 haud
869 445 901 525 bl:
920 450 968 500 aut
986 446 1032 499 td.

157 537 217 602 692,
236 535 404 591 scribendam
422 540 498 589 crat:
515 536 531 588 7
552 533 584 590 cs.
604 533 669 587 ch.
688 535 712 598 2,
732 535 745 587 1

157 626 208 679 727
237 625 272 679 14
289 624 438 695 pot—estis
452 638 506 690 pro
523 623 673 692 pc—testis

157 713 217 778 734,
236 712 270 765 24
282 729 336 781 pro
355 712 379 765 ei
397 710 478 780 plana
496 711 636 780 7494447444
654 715 710 764 est:
727 713 756 764 et
773 711 852 780 plana

157 801 217 865 738,
253 799 316 853 241
333 815 381 853 ncs
396 815 468 867 pro:
486 814 514 852 es
532 814 581 851 uos

78 951 80 954 ⁴
156 889 217 954 747,
238 887 270 941 18
283 903 337 955 pro
355 887 495 941 caritatem
507 888 631 955 fortasse
647 887 816 941 scribendmc
834 895 890 941 cat:
908 888 1065 942 claritatem.

159 977 218 1043 749,
237 977 270 1030 15
284 992 338 1045 pro
356 975 510 1046 suscipiens,
529 992 600 1044 quac
613 977 799 1044 4144441444
816 977 945 1030 codicum.
964 977 1062 1030 rectius
1080 978 1202 1045 fortasse
1219 978 1281 1031 edd.

288 1063 425 1118 Maurdcc
443 1064 591 1134 suspiciens
609 1065 720 1120 crichet.

157 1153 216 1218 757,
235 1153 269 1206 24
280 1154 350 1221 fert.
371 1153 470 1207 rectius
490 1153 637 1207 scribitur:
660 1152 824 1208 discriminat
850 1154 884 1207 ad
907 1153 980 1208 cibos
1007 1170 1057 1222 pro
1084 1154 1223 1216 discrimen
1247 1152 1281 1207 ad

286 1239 358 1294 cibos
376 1241 421 1295 441
438 1241 604 1295 discriminat
622 1242 702 1304 cibos,
720 1257 791 1310 qaae
807 1241 869 1295 libri
887 1241 1012 1310 offerant.

158 1329 217 1389 796,
238 1328 269 1382 13
288 1330 320 1383 a'c
337 1346 400 1398 app.
420 1331 478 1385 crit.
496 1330 665 1384 scribendam
688 1335 764 1384 erat:
786 1330 872 1383 halitn
893 1331 964 1384 later
987 1329 1126 1384 uocabula
1144 1329 1238 1382 salutis
1257 1334 1281 1382 et

287 1418 441 1471 ammittant
456 1433 516 1487 cup.
536 1418 583 1471 lic.

155 1530 215 1596 818,
233 1531 265 1582 ic
283 1547 347 1599 app.
365 1532 424 1587 crit.
442 1533 526 1587 44464
545 1533 579 1587 20
598 1533 634 1603 et]
648 1499 685 1587 ⁸ut
706 1535 732 1588 Τ
771 1537 819 1587 ant
836 1535 864 1589 R
882 1534 1036 1588 4444744441

154 1618 208 1672 854
233 1619 262 1673 Μ
281 1651 304 1677 =
322 1621 489 1675 Monacensis
516 1621 583 1675 1315
608 1638 676 1677 saec.
694 1623 732 1676 XI
752 1623 893 1677 delendam
916 1630 941 1676 et
959 1622 1172 1676 vindobonensis
1197 1623 1280 1691 leyen·

235 1707 299 1761 dum
317 1713 355 1760 eat

154 1794 214 1858 857,
235 1794 267 1847 19
280 1801 346 1863 post
362 1795 542 1866 incorruptum
562 1798 700 1852 distinctio
719 1801 747 1866 (.)
766 1799 902 1852 intercidit

154 1881 213 1945 865,
250 1883 339 1952 67494
357 1883 578 1938 accommodanda

150 1970 206 2024 888
234 1969 266 2026 ci.
284 1971 356 2025 Psal.
375 1972 512 2042 7494447444
530 1979 568 2027 est
582 1991 636 2042 pro
654 1975 728 2030 Paul.

154 2059 206 2112 916
233 2059 401 2114 scribendum
419 2068 494 2116 erat:
514 2061 546 2116 cf.
565 2061 621 2117 Col.
642 2065 665 2124 1,
686 2063 744 2116 15.
765 2063 797 2116 16

153 2147 213 2212 958,
232 2148 266 2201 32
288 2148 375 2217 ipsum
395 2166 448 2217 pro
471 2167 547 2219 psum
573 2151 709 2220 74944444
733 2157 772 2204 eat

149 2250 215 2303 pay.
233 2235 272 2289 XI
289 2253 369 2289 uersa
386 2237 420 2289 22
438 2237 521 2290 libros
535 2255 588 2305 pro
607 2237 667 2291 libri
687 2239 760 2308 lecca
