2940 4628
573 271 789 329 Praefatio.
1203 282 1242 345 L]

117 459 242 525 codices
256 462 350 530 huius
366 467 467 549 operis
487 467 629 530 excutere
649 467 737 544 uelit,
758 486 837 549 opus
860 471 1043 550 postumum
1062 473 1243 539 conditurus

117 568 175 633 est.
200 571 415 654 catalogorum
439 575 545 637 autem
568 571 662 636 fidem
687 573 816 637 etiamsi.
832 575 994 639 reuerendi
1016 577 1149 643 nominis
1171 599 1244 662 prae

117 663 151 736 se
174 672 275 738 ferant
294 676 532 760 inscriptionem
555 697 616 743 non
641 696 709 742 esse
732 679 838 756 telem,
862 683 899 742 ut
922 680 967 745 eis
985 683 1102 748 temere
1126 685 1243 760 credas,

116 799 178 843 non
202 783 301 849 semel
324 801 397 846 cum
420 783 532 847 damno
557 783 687 848 edoctus
711 803 789 848 sum.
1155 773 1159 782 ’

162 883 316 965 Quoniam
349 889 489 953 omnium
522 889 675 967 codicum,
708 890 840 954 aliorum
872 892 979 957 uiuam
1011 894 1180 978 imaginem
1211 897 1242 961 in

117 997 288 1076 conspectu
305 998 467 1077 ponentes,
487 994 619 1060 aliorum
638 995 783 1060 extremis
801 997 1000 1064 lineamentis
1019 1000 1243 1082 adumbratam,

117 1099 359 1182 descriptionem
387 1099 592 1177 absoluimns
620 1100 682 1164 iam
710 1119 774 1182 qua
799 1101 857 1179 illi,
882 1122 1055 1185 equorum
1082 1105 1143 1170 fide
1166 1107 1244 1174 haec

117 1203 212 1268 editio
229 1204 354 1288 pendet,
368 1205 450 1269 inter
467 1225 502 1270 se
521 1206 739 1270 contineantur
752 1208 937 1290 cognatione
955 1212 1052 1275 restat
1066 1213 1104 1275 ut
1119 1213 1243 1280 demon-

117 1311 264 1376 stremus.

162 1413 278 1481 Omnes
302 1436 380 1499 qnos
404 1418 533 1502 adhibui
556 1418 679 1483 codices
702 1419 734 1483 in
757 1421 845 1484 textu
867 1422 1046 1507 refingendo
1066 1443 1101 1506 ex
1120 1425 1242 1491 duobus

115 1522 256 1587 fontibus
279 1522 410 1587 haustos
434 1542 503 1587 esse
524 1524 556 1587 in
580 1524 720 1606 duasque
752 1525 888 1591 familias
912 1527 1086 1607 discedere,
1110 1549 1242 1611 quarum

116 1647 179 1691 nne
200 1627 288 1692 libris
310 1627 451 1694 LSMGP
474 1625 638 1708 efficiatur,
666 1632 765 1694 altera
792 1633 859 1697 solo
888 1633 995 1699 codice
1020 1633 1043 1698 G
1066 1655 1241 1717 repraesen-

116 1735 210 1814 tetur,
239 1753 295 1799 cur
322 1736 524 1800 statuendum
552 1737 603 1814 sit,
633 1736 700 1801 eius
726 1737 772 1801 rei
799 1736 878 1802 duae
903 1739 1105 1821 potissimum
1129 1761 1241 1808 causae

117 1843 200 1906 sunt.
230 1842 262 1905 et
288 1859 394 1905 earnm
422 1843 519 1906 altera
544 1842 576 1905 in
605 1842 760 1907 diuisione
787 1844 886 1908 totius
913 1845 1015 1928 operis
1037 1847 1123 1911 uarie
1146 1849 1241 1913 uariis

117 1946 278 2011 codicibus
292 1946 408 2016 tradita
427 1947 582 2025 consistit,
603 1945 701 2012 altera
714 1948 831 2032 insigni
848 1950 1020 2015 lectionum
1035 1951 1244 2036 discrepantia

117 2052 303 2118 continetur.
328 2055 421 2134 atque
445 2054 482 2117 de
505 2054 672 2136 partitione
699 2074 801 2137 pauca
824 2055 975 2136 quaedam
999 2056 1110 2122 addere
1136 2059 1239 2126 liceat.
1290 2116 1293 2120 .

61 2189 64 2194 ·
116 2158 291 2223 communis
320 2159 463 2224 omnibus
492 2160 652 2225 codicibus
680 2179 717 2224 ea
745 2161 860 2226 diuisio
889 2163 947 2240 est,
975 2163 1013 2226 ut
1034 2164 1138 2228 totum
1161 2185 1240 2249 opus

116 2264 249 2329 duorum
271 2265 468 2330 uoluminum
491 2284 560 2330 esse
583 2270 852 2332 commemoretur.
877 2286 971 2349 quam
993 2270 1242 2351 praeseferunt

116 2389 209 2434 unam
232 2372 408 2454 complures
431 2371 503 2436 libri
527 2391 620 2436 manu
647 2372 852 2456 manuscripti
878 2374 1078 2454 recentiores,
1106 2394 1239 2459 quorum

114 2475 234 2560 inspexi
266 2477 482 2544 Macariaeum
522 2480 585 2543 618
618 2474 709 2565 (272)
743 2497 777 2542 ex
808 2479 996 2545 monasterio
1030 2480 1061 2545 S.
1095 2480 1240 2565 Gygirani

115 2581 273 2665 signatum
295 2583 349 2650 fol.
374 2585 448 2662 135,
471 2584 610 2650 codicem
623 2584 767 2667 Regium,
791 2584 930 2649 codicem
949 2585 1011 2648 247
1031 2585 1238 2652 bibliothecae

116 2687 154 2751 de
189 2688 223 2751 L’
261 2688 407 2767 Arsenal‚
444 2689 583 2755 codicem
619 2689 886 2754 Mediolanensem
923 2690 968 2754 VI
1004 2708 1103 2772 neque
1140 2692 1239 2756 uarie

114 2795 212 2857 tatem
230 2795 402 2859 lectionum
424 2795 456 2859 in
479 2795 711 2860 adnotationem
731 2795 871 2859 criticam
889 2795 1001 2877 recepi.
1020 2800 1143 2879 praeter
1159 2798 1239 2861 hanc

115 2898 301 2964 diuisionem
322 2901 354 2965 in
379 2901 540 2966 codicibus
562 2901 701 2966 LSGMP
725 2901 786 2965 alia
809 2902 953 2979 occurrit,
979 2920 1056 2983 quae
1074 2902 1106 2966 in
1126 2922 1161 2967 eo
1179 2906 1237 2981 est,

114 3007 151 3068 ut
173 3005 316 3090 singulae
338 3007 448 3072 Fausti
471 3008 578 3072 theses
602 3010 634 3072 et
656 3008 800 3091 singulae
822 3007 993 3092 Augustini
1019 3009 1237 3090 responsiones

114 3109 247 3194 singulis
280 3113 427 3195 capitulis
460 3114 771 3196 comprehendentur,
805 3115 841 3177 ut
872 3114 976 3179 omnia
1007 3114 1145 3196 capitula
1167 3134 1237 3179 con-

114 3221 276 3283 numerata
308 3222 340 3284 et
371 3220 403 3283 in
436 3239 592 3284 summam
624 3220 719 3285 ducta
749 3238 914 3284 numerum
942 3220 984 3284 65
1008 3219 1182 3284 conficiant.
1205 3220 1236 3283 in

114 3322 192 3388 libro
217 3323 240 3389 (l
264 3325 369 3388 autem
396 3320 538 3408 singulae
570 3325 680 3389 Fausti
712 3325 941 3408 disputationes
973 3345 1045 3390 cum
1067 3325 1238 3408 Augustini

113 3430 271 3511 responsis
294 3431 391 3495 libros
413 3431 542 3514 triginta
564 3433 628 3495 tres
653 3430 810 3496 efficiunt:
836 3450 914 3513 quae
938 3431 1118 3496 distributio
1142 3432 1236 3495 etiam

113 3535 145 3599 in
166 3535 247 3602 libro
270 3537 451 3602 Monacensi
473 3538 560 3600 iuxta
576 3537 722 3619 capitula
738 3556 833 3602 manu
856 3538 1026 3621 posteriore
1050 3537 1156 3601 addita
1178 3544 1236 3604 est.

114 3659 185 3705 cum
208 3641 348 3707 codicem
372 3642 598 3708 Carnutensem
620 3641 652 3704 in
676 3660 713 3706 ea
735 3662 767 3707 re
791 3634 894 3707 secuti
917 3645 1024 3708 essent
1046 3662 1154 3708 omnes
1174 3643 1236 3707 edi-

113 3749 196 3813 tores
219 3747 346 3830 priores,
376 3768 434 3832 ego
462 3767 585 3831 quoque
614 3749 763 3831 amplecti
789 3767 857 3813 eam
880 3768 941 3813 non
965 3769 1035 3814 sum
1060 3751 1235 3827 cunctatus,

113 3871 184 3917 cum
216 3854 398 3936 praesertim
428 3855 496 3937 ipse
518 3853 717 3938 Augustinus
748 3855 826 3919 mihi
849 3874 916 3919 eam
944 3856 1130 3921 diuisionem
1154 3875 1235 3920 com-

113 3958 257 4023 mendare
289 3961 442 4028 uideatur.
472 3961 581 4025 scribit
612 3961 694 4026 enim
720 3961 751 4024 in
774 3961 1005 4026 Retractatione
1031 3961 1103 4026 libri
1130 3963 1236 4026 contra

113 4064 285 4129 Faustum:
310 4067 436 4147 triptota
458 4070 485 4130 et
508 4070 567 4130 tres
589 4067 808 4146 disputationes
829 4070 911 4132 suot.
935 4086 1008 4147 quos
1030 4068 1123 4130 etium
1144 4066 1236 4130 libros
1263 4050 1265 4056 ’

112 4190 168 4233 car
188 4191 250 4234 eoa
272 4170 429 4235 rimatus?
452 4192 523 4235 aem
547 4173 603 4235 etsi
623 4176 696 4235 saut
716 4172 751 4235 ia
773 4172 816 4236 cis
833 4172 931 4253 ulmal
942 4172 1114 4253 paoreees,
1133 4176 1235 4236 taurea

1131 4293 1163 4346 d*
