2940 4628
242 257 306 320 974
736 254 877 309 Euodii

239 452 388 526 praedicat
409 453 604 527 Manichacus,
624 456 778 526 autento,
798 454 823 515 ei
840 457 945 529 potest,
966 457 1053 530 neget
1072 455 1249 515 conscientie
1270 458 1368 516 neura

240 542 314 600 teste
345 542 428 601 nobie
460 560 528 604 uero
562 546 615 605 deo
647 545 774 616 aeterno,
799 543 847 618 qui
880 560 978 603 omnes
1000 543 1178 604 iudicaturus
1202 547 1254 616 est,
1279 563 1366 605 unum

240 629 360 689 istorum
382 631 560 708 nobisipsis
582 634 697 707 negate.

282 712 337 780 48.
361 719 390 778 si
409 723 503 781 autem
526 739 595 781 uera
612 724 688 793 sunt,
709 738 781 795 quae
801 721 931 792 dicimus,
950 722 1067 780 tandem
1085 722 1230 797 respicite,
1249 724 1367 783 tandem

238 807 344 880 uidete,
377 809 407 867 in
439 828 495 884 pue
527 812 597 871 estis
628 813 719 871 morte
752 809 912 870 constituti.
936 810 1058 869 humiles
1083 812 1184 882 estote,
1209 811 1234 870 ei
1257 813 1365 887 optatis
1397 831 1410 869 θ

237 895 364 966 liberari,
389 901 418 957 et
448 900 538 959 nolite
569 902 692 975 superbe
723 901 752 958 ot
782 899 860 973 inpio
893 898 986 957 dicere
1014 915 1066 958 nee
1088 898 1169 974 ipeos
1193 917 1255 959 θεεθ
1279 901 1364 960 deum

239 985 471 1061 omnipotentem.
499 989 555 1048 hoc
582 989 656 1048 enim
684 988 789 1059 dicitis,
820 1005 883 1047 oum
910 987 1019 1046 animae
1046 990 1159 1049 nostrae
1180 990 1278 1063 partes
1302 989 1364 1050 eius

239 1092 302 1133 θεεθ
325 1076 520 1148 adseueratie3
544 1095 603 1138 non
627 1078 701 1138 euim
724 1078 795 1137 dene
816 1077 846 1136 in
872 1079 955 1152 parte
981 1077 1081 1148 maior,
1105 1077 1136 1135 in
1161 1079 1243 1152 parte
1270 1078 1365 1138 minor

239 1167 291 1226 est.
320 1165 372 1223 sed
397 1166 494 1240 potius
522 1167 607 1226 dicite
634 1167 735 1227 uobis:
765 1167 835 1225 deus
862 1166 1102 1225 incommutabilis
1131 1168 1183 1238 eet,
1207 1184 1260 1226 nes
1284 1184 1363 1236 com-

238 1253 527 1325 mutabiloe.eumue;
552 1257 622 1316 deus
644 1254 870 1331 incorruptibilis
885 1256 937 1326 eet,
956 1272 1009 1314 noe
1029 1254 1234 1329 cupiditatibus
1256 1257 1364 1316 nostris
1385 1275 1410 1313 ιο

238 1341 460 1416 conumpimnr3
486 1345 555 1404 deue
572 1343 830 1419 'incoinquinabilis
853 1345 912 1418 eet,
929 1361 983 1402 noe
1004 1343 1132 1417 peccatis
1155 1343 1261 1403 nostrie
1285 1345 1364 1405 coin·

238 1431 404 1504 quinamur;
433 1433 503 1492 done
529 1432 593 1508 ipsa
619 1434 761 1508 sapientia
784 1435 837 1505 eet,
861 1449 914 1492 nos
937 1432 1018 1492 stulti
1042 1432 1080 1490 ad
1102 1431 1272 1507 sapientiam
1294 1452 1362 1508 per-

236 1520 334 1578 uenire
357 1537 509 1592 conanum
535 1523 604 1582 dous
626 1523 690 1597 ipse
713 1524 830 1581 aeterna
853 1524 882 1580 et
903 1522 989 1580 beata
1011 1521 1071 1580 uite
1090 1524 1143 1593 eet,
1162 1539 1216 1581 nos
1234 1523 1363 1596 peccatis

236 1608 342 1668 nostris
365 1609 463 1669 miseri
484 1627 583 1671 eumue
606 1613 635 1670 et
657 1613 788 1686 optamus
810 1610 872 1669 fleri
894 1610 990 1669 beati:
1014 1627 1073 1669 non
1092 1627 1159 1685 ergo
1179 1627 1275 1670 eumue
1293 1629 1363 1685 pars

236 1697 414 1757 substantiae
438 1699 509 1760 eine.
533 1702 656 1758 sienim
681 1699 742 1759 eiua
764 1701 861 1777 partes
885 1699 955 1758 eetis
983 1699 1101 1758 ethaeo
1119 1700 1201 1758 tanta
1218 1700 1361 1774 petimini,
1386 1715 1410 1754 ιε

236 1788 334 1863 restat,
363 1789 396 1845 ut
423 1789 452 1846 et
477 1789 540 1864 ipse
568 1788 625 1848 iam
653 1806 687 1848 ex
713 1792 796 1863 parte
822 1789 894 1847 haec
922 1787 1017 1847 omnia
1042 1787 1168 1862 patiatur
1191 1788 1366 1863 etamplius

235 1875 297 1949 pati
318 1877 453 1949 potuerit,
478 1879 555 1953 quod
578 1877 638 1937 eius
662 1877 784 1952 contigit
804 1877 890 1952 parti,
913 1876 970 1935 nisi
997 1893 1050 1950 per
1071 1878 1197 1936 uestram
1219 1877 1365 1937 miseriam

236 1962 292 2022 eibi
313 1965 488 2038 prouideret.
511 1967 608 2025 uidete
631 1983 684 2025 noe
708 1983 775 2041 ergo
800 1966 869 2039 quid
893 1965 980 2026 ostie.
1016 1965 1041 2023 ei
1071 1965 1170 2039 partes
1198 1965 1267 2025 estio
1292 1965 1363 2038 eius,

237 2053 307 2112 deus
330 2053 417 2125 estis,
442 2053 468 2113 ei
490 2055 580 2130 geniti
602 2056 639 2114 ab
662 2055 712 2113 ille
736 2055 816 2124 estis,
841 2053 974 2114 similiter
992 2053 1062 2112 dene
1081 2054 1169 2112 estis:
1194 2054 1263 2127 quid
1281 2056 1365 2114 tanta

232 2143 417 2221 'peecatorum
449 2145 631 2219 corruptione
661 2142 840 2221 turpaminit
872 2142 897 2201 ei
928 2143 1022 2201 autem
1050 2142 1119 2201 facti
1147 2142 1255 2202 abillo
1280 2143 1411 2216 astino

234 2230 289 2288 hoc
313 2231 498 2304 confitemini,
523 2234 552 2292 et
573 2249 631 2292 non
653 2232 710 2291 iam
734 2232 813 2292 eritis
836 2231 1006 2290 Manichaei.

276 2312 331 2380 49.
354 2320 540 2381 Manicheeue
564 2321 639 2380 enim
662 2321 733 2380 duae
756 2320 828 2380 dioit
850 2337 913 2380 θεεθ
935 2322 1071 2391 naturae,
1095 2336 1181 2378 uuam
1203 2320 1309 2379 bonam
1333 2323 1364 2379 et

233 2407 353 2466 alteram
375 2409 497 2468 malam:
520 2411 625 2469 bonam
648 2427 720 2484 quae
743 2408 814 2469 feeit
834 2409 980 2476 mundum,
1000 2408 1113 2479 malam,
1133 2408 1168 2466 de
1188 2425 1245 2482 qua
1265 2408 1363 2468 factus

234 2497 279 2555 eet
291 2498 423 2579 mundue.
438 2499 463 2558 si
477 2501 573 2557 uuum
586 2515 639 2558 uos
650 2499 719 2558 deus
732 2496 810 2569 fecit,
820 2513 880 2557 non
894 2496 1005 2556 inuenit
1012 2497 1207 2568 Manichaeue,
1223 2497 1298 2556 unde
1307 2514 1365 2557 noe.

233 2585 304 2644 dous
326 2585 435 2645 fecerit.
459 2587 484 2647 ei
508 2587 583 2646 enim
606 2588 641 2646 do
664 2604 695 2647 se
712 2587 776 2663 ipso
794 2603 848 2646 noe
864 2585 943 2656 fecit,
961 2586 1017 2644 hoe
1033 2586 1103 2646 estis
1118 2586 1195 2660 qued
1209 2585 1282 2660 ipse.
1299 2603 1361 2645 uon
1383 2598 1410 2638 2⁵

234 2690 301 2748 ergo
335 2674 464 2736 debeatis
503 2677 584 2735 unte
613 2678 797 2750 peccatorum
829 2675 1011 2749 corruptione
1038 2674 1168 2749 turpari,
1198 2674 1273 2733 siout
1302 2674 1361 2734 iam

234 2762 341 2821 dictum
363 2764 416 2822 eet.
440 2764 465 2823 ei
487 2765 582 2824 autem
605 2764 640 2823 de
663 2764 756 2823 alieno
779 2781 832 2823 noe
854 2763 933 2834 fecit,
956 2779 1015 2821 non
1037 2763 1075 2821 ad
1092 2763 1173 2822 illum
1195 2763 1359 2838 pertinetis,

234 2851 301 2925 quia
322 2851 364 2911 eic
386 2869 439 2911 noe
460 2853 531 2913 fecit
553 2854 694 2928 quomodo
716 2853 862 2912 mundum.
886 2852 911 2911 ei
934 2853 1029 2910 eutem
1046 2868 1101 2911 nec
1120 2852 1155 2910 de
1173 2867 1204 2911 εθ
1223 2851 1286 2926 ipso
1305 2869 1360 2911 neo

227 2941 269 2998 'de
292 2941 385 3000 alieno
408 2958 461 3001 uee
483 2940 561 3014 feeit,
585 2942 638 3001 sed
660 2943 771 3006 uncum
794 2940 1002 3015 omnipotentia
1028 2956 1081 2999 ena
1107 2939 1208 3012 uoluit,
1233 2942 1262 2999 et
1288 2939 1361 2999 facti

234 3028 317 3101 θεθὶε,
333 3030 388 3088 hoo
407 3029 494 3090 dicite
506 3030 675 3090 Manichaeo
695 3033 724 3089 et
741 3029 902 3089 renuntiate
922 3029 982 3088 eine
1001 3029 1100 3089 errori.
1120 3029 1163 3088 eie
1182 3027 1258 3088 euim
1276 3028 1361 3088 docet
1380 3040 1409 3079 ⁸⁰

235 3117 459 3191 omnipotentem
489 3119 594 3192 faeere,
628 3136 700 3194 quae
722 3119 855 3190 uoluerit,
884 3117 959 3178 sicut
990 3117 1131 3177 catholice
1163 3117 1250 3176 dicit:
1283 3117 1361 3191 ipse

235 3205 331 3278 dixit,
357 3208 391 3265 ot
411 3207 508 3270 tacta
530 3210 628 3280 eunt3
656 3208 731 3282 ipse
754 3206 941 3278 mandauit,
967 3208 1000 3264 et
1018 3208 1136 3265 create
1158 3207 1247 3269 eunt.
1273 3204 1360 3265 dicite

233 3294 334 3355 uobis:
359 3312 417 3354 non
440 3314 538 3357 eumue
559 3299 657 3372 partae
682 3296 752 3368 eine,
772 3297 823 3356 eod
842 3312 939 3355 eumue
958 3311 1045 3369 opera
1064 3295 1134 3354 eine.
1155 3294 1242 3354 dicite
1260 3294 1360 3355 uobis:

233 3384 260 3442 ei
283 3384 352 3443 deus
383 3385 556 3445 necessitate
587 3403 690 3460 puseus
723 3386 820 3444 estet
852 3385 973 3443 euadere
996 3382 1081 3442 aliter
1102 3400 1160 3442 non
1186 3383 1281 3458 potuit
1302 3382 1360 3442 nisi

233 3472 324 3547 partie
338 3490 406 3532 uuae
424 3477 571 3549 pateretur
589 3474 798 3544 detrimentum,
819 3472 882 3548 quie
901 3472 1054 3546 aliquando
1073 3472 1181 3546 poterit
1199 3471 1359 3531 dotalibus
1379 3482 1408 3520 ³⁵

234 3561 456 3634 necessitatibus
486 3559 629 3628 liberari?
660 3565 711 3621 eut
742 3562 806 3636 quie
839 3561 902 3633 erit,
936 3560 985 3635 qui
1015 3562 1151 3636 protegat
1187 3561 1269 3619 deum
1301 3576 1361 3619 non

234 3649 377 3710 ualentem
401 3669 432 3710 εθ
455 3652 550 3726 ipsum
571 3649 747 3727 protegere?
776 3653 827 3710 aut
849 3651 962 3725 quando
985 3668 1030 3708 me
1055 3650 1089 3708 de
1111 3650 1166 3709 hoo
1188 3648 1361 3709 necessitate

300 3795 301 3798 ’
326 3787 358 3840 31
378 3787 450 3841 Peal.
470 3787 513 3851 32.
532 3789 548 3842 9

271 3893 382 3962 lnegat
400 3893 426 3945 V
475 3893 568 3948 2uero
583 3893 660 3947 uobia
675 3892 701 3944 P
734 3891 880 3962 4recipite
894 3891 921 3944 P
954 3889 1085 3945 5obtatie
1103 3890 1155 3944 VP
1183 3890 1321 3944 6dicaore
1335 3889 1363 3942 P

234 3964 306 4033 ipsos
324 3964 412 4017 uosP
455 3965 528 4032 Spr.
547 3968 650 4034 purtem
668 3963 695 4016 V
746 3963 778 4017 11
798 3962 963 4032 eorrumpim'
982 3962 1009 4015 V
1063 3959 1319 4031 inquoinquiuabilie
1337 3960 1365 4014 V

237 4034 458 4120 quoipquinamur
476 4034 502 4088 V
550 4036 583 4090 12
596 4036 656 4120 ipsc
667 4035 693 4087 Ρ
761 4034 894 4117 sapientia
912 4033 938 4087 V
984 4033 1018 4086 14
1032 4033 1096 4102 non]
1110 4049 1158 4086 noe
1177 4032 1203 4086 V
1249 4032 1283 4085 17
1297 4048 1362 4116 con·

235 4104 921 4246 ioci{iamdicti§meditationi
934 4103 1364 4245 octontadpotooot
