2940 4628
597 262 812 315 Praefatio.
1190 265 1266 328 XIII

143 474 271 521 munere
295 474 352 520 suo
375 455 557 538 perfunctus
582 459 639 534 est,
659 459 704 533 ut,
725 456 808 537 quod
827 476 887 520 non
907 458 957 520 est
975 456 1153 535 dolendum,
1172 475 1272 539 pauca

142 560 366 645 relinquantur,
405 581 483 644 quae
520 562 615 646 digna
651 562 715 626 sint
750 565 933 628 memoratu.
976 564 1069 644 atque
1112 562 1270 627 uocalium

145 668 270 751 quidem
292 668 491 752 permutatio,
512 669 595 750 quod
618 687 716 752 genus
735 669 766 730 10
787 668 856 732 01110
875 669 1096 751 manuscriptis
1119 668 1271 732 latissime

143 777 249 858 patere
274 776 364 853 solet,
387 775 420 838 in
443 774 502 839 hoo
525 775 556 838 in
580 775 793 858 angustiorem
816 776 921 839 orbem
946 778 1083 839 coartata
1106 776 1163 838 ost.
1182 775 1273 838 uelut

143 880 231 963 ipro
256 880 869 963 epositumest:69,10responetit;
903 881 953 959 70,
977 882 1016 944 12
1048 881 1142 957 dieit;
1175 882 1271 959 63‚9

143 988 336 1068 reciperant;
369 988 483 1063 65,12
509 986 654 1066 pinnam.
692 1003 728 1050 ae
764 983 960 1069 (plerumque
994 984 1025 1070 0)
1061 1005 1129 1052 raro
1166 1006 1220 1069 per
1256 1006 1272 1051 e

145 1093 312 1171 redditum,
337 1094 443 1156 contra
466 1110 502 1156 ea
524 1110 578 1175 pro
608 1111 624 1155 e
652 1091 833 1173 praesertim
861 1090 892 1154 in
920 1091 1027 1155 formis
1055 1091 1273 1156 aduerbiomm
1408 1147 1411 1152 .

145 1199 177 1262 in
209 1218 225 1263 e
256 1198 430 1262 terminatis
461 1198 685 1280 frequentatur.
719 1217 754 1263 oe
786 1215 841 1279 pro
879 1216 913 1260 ae
952 1199 1050 1261 semel
1078 1198 1212 1263 oecunr't
1241 1198 1273 1261 in

148 1305 262 1370 000010
296 1323 421 1389 paene.
458 1304 491 1368 in
527 1304 765 1369 consonantium
789 1322 899 1385 genere
927 1303 1004 1368 baec
1031 1304 1179 1368 uidentur
1205 1322 1274 1368 esse

146 1411 367 1476 memorabilia.
400 1413 415 1474 t
446 1413 478 1475 et
509 1429 525 1475 o
558 1411 681 1493 saepius
715 1410 945 1475 contunduntur·
981 1409 1164 1494 (pertinatia
1194 1411 1274 1474 ineli-

149 1519 235 1594 11000,
261 1515 461 1602 pernieatia),
489 1515 566 1579 item
597 1515 616 1578 b
650 1517 724 1596 etp
753 1512 879 1601 (obtimi,
912 1513 1066 1600 oblatam).
1094 1516 1274 1598 praepositi-

149 1643 243 1688 onum
285 1625 489 1688 consonantes
531 1641 602 1686 cum
642 1621 820 1684 nominibus
862 1623 893 1685 et
928 1621 1032 1685 uerbis
1074 1621 1274 1685 conflatorum

150 1730 315 1812 genuinam
338 1729 469 1792 formam
491 1727 638 1805 referunt,
667 1726 728 1790 nisi
755 1727 837 1808 quod
865 1728 980 1805 67,14
1007 1728 1168 1807 quippiam
1191 1747 1275 1810 prae·

148 1836 249 1899 betur.
274 1853 351 1917 quas
373 1835 501 1898 lacunas
526 1833 620 1897 codex
648 1833 696 1897 bis
725 1836 881 1898 conectus
909 1837 1015 1898 tamen
1043 1832 1141 1910 offert,
1168 1853 1274 1898 earum

149 1943 226 2006 haec
257 1944 306 2006 est
336 1941 425 2016 ratio,
458 1943 495 2003 01
526 1940 671 2004 similiter
701 1939 848 2021 proximis
882 1939 1096 2004 desinentibus
1119 1939 1275 2021 quomodo

151 2047 217 2110 fieri
247 2047 395 2130 potuerit,
428 2049 466 2109 ut
502 2045 672 2128 particulae
709 2045 889 2110 interiectae
925 2045 1148 2124 interciderint,
1186 2045 1276 2110 facile

153 2170 330 2235 coguaseas.

196 2259 298 2324 Codex
325 2259 573 2325 Bononiensis
601 2278 730 2323 numero
760 2251 800 2323 52
829 2259 896 2323 eius
924 2258 1132 2323 bibliothecae
1159 2258 1192 2322 in
1215 2277 1325 2352 quaB

153 2369 331 2429 asseruntur
353 2364 447 2452 (conf.
468 2365 637 2448 Catalogue
657 2364 780 2448 general
799 2363 853 2429 des
873 2364 1100 2452 departements
1118 2364 1193 2429 torn.
1213 2365 1276 2428 ΙΠΙ

152 2491 183 2553 p.
215 2467 294 2555 606)
326 2470 495 2554 insignitus
531 2455 786 2534 membranaceus
818 2469 850 2532 10
882 2472 915 2533 4⁰
947 2471 1071 2536 saeculo
1103 2471 1133 2536 X
1162 2455 1275 2538 litteris

153 2572 338 2640 0000000110
367 2579 507 2642 exaratus
537 2579 577 2641 20
605 2577 700 2641 foliis
718 2578 850 2640 constat.
879 2576 961 2641 uude
990 2577 1140 2661 originem
1162 2577 1275 2655 trahat,

154 2701 190 2746 er
213 2685 286 2747 nota
307 2683 340 2751 in
362 2682 500 2766 margine
531 2683 598 2747 folii
625 2682 718 2764 primi
749 2683 873 2764 appicta
903 2684 1054 2765 patescit:
1087 2682 1191 2748 ‘Liber
1227 2663 1279 2749 Sei

154 2787 287 2852 Bertini.
323 2791 352 2852 si
383 2791 451 2869 quis
482 2789 641 2852 abstretenit
670 2788 708 2851 ab
745 2771 922 2869 omipotente
952 2790 994 2852 sit
1023 2789 1218 2855 maledictas.
1246 2793 1277 2855 in

155 2894 288 2977 singulis
314 2895 436 2979 paginis
464 2897 601 2978 priorum
624 2895 770 2960 foliorum
794 2895 1044 2978 quattuordecim
1066 2896 1183 2961 incisae
1206 2901 1280 2962 sunt

155 3002 255 3066 lineae
293 3003 344 3080 35,
382 3022 434 3067 sex
469 3003 677 3085 posteriorum
713 3002 854 3086 singulae
885 3001 1016 3085 paginae
1052 2985 1196 3068 uersibus
1238 3006 1278 3069 30

155 3109 335 3193 implentur.
356 3109 484 3173 libellus
509 3108 569 3176 duo
592 3095 763 3191 Augustini
787 3127 879 3191 opera
900 3108 1020 3173 minora
1043 3110 1279 3191 complectitur:

156 3217 243 3299 prius
267 3234 285 3279 a
306 3215 359 3280 fol.
385 3215 401 3276 1
428 3212 552 3292 ‘Incipit
582 3212 657 3276 iiber
687 3213 798 3276 aurelii
829 3212 985 3294 aipnstini
1016 3213 1052 3276 de
1074 3213 1192 3278 dnabies
1213 3216 1282 3278 ani·

159 3322 272 3386 rnabns’
300 3336 400 3402 usque
427 3320 465 3383 ad
492 3319 546 3384 101.
576 3321 616 3382 10
639 3318 776 3399 Explicit
802 3319 839 3382 de
861 3318 979 3382 dnabns
1000 3319 1162 3383 animabus
1183 3324 1280 3384 amen'

159 3426 312 3502 decurrit3
345 3426 477 3488 altemm
508 3424 562 3488 fol.
592 3425 721 3487 10-20
744 3427 859 3486 ‘eontra
881 3421 1086 3487 Fortunatam
1108 3424 1281 3504 disputatio'

159 3533 343 3598 continetur.

205 3637 306 3703 Codex
329 3637 535 3707 Bononiensis
560 3637 720 3702 confectus
744 3640 793 3702 est
816 3655 833 3700 0
856 3637 978 3722 duobus
1001 3637 1146 3715 librariis,
1175 3637 1281 3720 quiin

161 3742 324 3810 scribendo
355 3744 401 3807 ita
433 3763 466 3809 se
498 3747 693 3826 exceperunt,
726 3746 762 3807 ut
794 3745 872 3808 alter
902 3744 956 3809 101.
991 3744 1091 3807 1-6·
1122 3743 1188 3829 (69,
1226 3742 1282 3828 22)

150 3850 295 3918 'amnem
315 3851 351 3913 in
381 3850 594 3932 perscriberet,
618 3850 697 3913 alter
717 3850 789 3913 inde
812 3869 831 3922 a
852 3850 956 3916 uerbis
979 3849 1152 3930 definitione
1178 3850 1284 3913 vrectan-

163 3957 234 4018 tatis
271 3955 431 4039 negotium
468 3954 662 4020 continuaret
697 3956 736 4019 ad
771 3955 924 4037 finemque
960 3955 1152 4037 perduceret.
1189 3954 1283 4020 iidem

85 4064 87 4068 “
163 4063 314 4145 opuscula
344 4062 518 4152 relegentes
549 4061 731 4126 multotiens
763 4064 967 4140 correxerunt,
991 4061 1108 4126 omissa
1132 4062 1309 4154 uocabula⁸

190 4154 196 4162 α

162 4167 324 4234 litterasue
348 4167 488 4250 singulas
512 4186 605 4258 supra
627 4186 753 4232 uersum
775 4170 936 4250 ponentes,
960 4167 1080 4232 litteras
1108 4168 1285 4250 syllabasue
