2940 4628
596 183 809 238 Praefatio.
1117 141 1261 252 XXXV

138 373 260 438 XVIIII
291 374 486 459 adglutinata
517 377 591 439 sunt
612 374 779 452 soliatria,
803 394 934 456 quorum
959 375 1019 441 duo
1041 378 1143 459 priora
1164 379 1260 443 uerba

136 478 209 542 libri
222 478 358 543 XXXIII
373 479 542 558 continent,
557 480 687 543 tertium
704 479 789 544 omni
804 479 941 545 oratione
956 484 1048 545 caret.
1064 484 1260 548 membranae

137 587 212 648 sunt
232 584 445 649 tenuissimae.
470 604 531 666 quo
554 585 672 650 factum
696 589 753 663 est,
777 585 851 667 quia
874 586 997 651 chartae
1019 587 1144 653 bibulae
1164 592 1259 667 erant,

135 692 173 753 ul
193 690 338 754 librarius
360 690 414 756 fol.
438 689 494 754 34¹³
518 694 550 755 et
573 689 628 755 79b
650 709 752 755 uacua
772 691 970 773 relinqueret.
995 709 1075 773 quae
1096 692 1161 757 fala
1182 695 1261 760 liber

136 796 291 876 habuerit,
313 797 396 862 unde
420 797 571 882 originem
594 797 697 875 ducat,
717 817 752 861 ex
769 797 970 862 adnotatIone
987 798 1042 864 tol.
1063 801 1095 862 1·
1112 800 1260 884 inscripta

134 903 278 984 patescit.
311 901 478 968 Leldralas
500 881 552 984 eps
573 941 617 951 -
635 903 697 968 fuit
723 906 828 968 autem
855 903 1019 985 episcopus
1041 905 1258 989 Lugdunensis

133 1007 216 1071 intra
245 1027 342 1074 annos
375 1010 548 1075 798-814
579 1047 622 1057 -
653 1010 746 1072 latam
776 1008 887 1071 libram
918 1009 1048 1072 tradidit
1081 1010 1124 1073 ad
1160 1011 1257 1077 altore

132 1092 178 1178 §a
198 1113 420 1200 sapaarpqa
440 1116 523 1196 tola
546 1114 591 1202 (a
614 1116 648 1178 a
670 1114 746 1199 raa.)
770 1114 877 1177 arnae
904 1113 1024 1198 (arna
1045 1113 1101 1201 aa)
1123 1117 1258 1183 ablatos

132 1223 160 1284 et
189 1221 333 1285 taceatur
363 1221 428 1284 alia
457 1241 553 1285 meaa
583 1241 662 1285 aoao
693 1220 778 1285 titulo
808 1221 972 1302 insanitas
1003 1225 1046 1284 est
1072 1223 1147 1301 pata
1166 1225 1258 1303 prior

131 1327 211 1388 sicat
232 1327 385 1391 eaidcater
407 1329 529 1409 opacari
545 1331 646 1408 potest
667 1348 688 1390 a
708 1327 786 1408 lorti
808 1330 928 1390 auctore
953 1307 1083 1390 abraam
1105 1327 1254 1414 (fuerat).

133 1431 257 1502 exbibet
278 1450 357 1514 opus
380 1434 488 1497 eontra
508 1431 662 1496 Faustum
684 1424 739 1498 fol.
764 1429 929 1495 ll-l54b.
957 1429 1119 1513 inscriptio
1142 1433 1255 1503 litteris

130 1537 309 1604 unctalibus
343 1537 486 1602 confecta
516 1537 593 1602 haec
625 1540 692 1602 est:
727 1537 781 1602 fol.
816 1535 848 1600 1b
880 1535 996 1616 Iaapa't
1025 1536 1099 1600 liber
1134 1535 1256 1602 Aurelii

75 1649 78 1654 ’
130 1640 299 1727 Aapasllai
321 1645 427 1707 coalr'o
448 1640 601 1707 Faustam
622 1642 800 1718 hereticam
824 1642 974 1707 uolumen
992 1641 1126 1725 primum
1150 1643 1256 1727 finitur

129 1747 183 1813 fol.
203 1747 259 1814 96⁶
282 1748 392 1817 Aureli
414 1746 583 1832 Aapasta'aa'
604 1749 753 1813 aduersam
761 1745 770 1832 ll
779 1746 931 1812 Faustam
955 1745 1152 1810 Manicheam
1168 1749 1253 1812 aolo-

128 1874 198 1918 mea
221 1840 478 1940 primamlllacprl
508 1856 656 1919 aduersae
687 1875 754 1918 eam
784 1853 834 1916 ael
863 1851 1103 1936 adacrsaallea’ae
1123 1853 1253 1919 heresem

129 1959 165 2022 de
195 1962 263 2024 alta
286 1943 688 2047 patriarclrarallaolamea·
712 1959 877 2024 secandam
906 1959 1033 2039 feliciter
1044 1956 1054 2044 ll
1067 1938 1111 2022 do
1132 1962 1253 2042 proicias

127 2086 237 2144 omem
267 2069 417 2133 uolumen
444 2069 616 2134 secundum
642 2067 777 2150 pertinet
799 2066 838 2130 ad
858 2065 912 2130 tol.
943 2065 1019 2130 154b
1041 2065 1177 2146 Eapla'ro'l
1198 2067 1251 2132 deo

123 2167 252 2254 praliaa.
282 2169 368 2250 Utere
388 2173 473 2251 lolia.
497 2169 598 2238 Salus.
622 2171 732 2236 Amara.
756 2170 893 2250 Explicit
915 2170 989 2233 liber
1006 2170 1129 2234 Aurelii
1145 2171 1250 2255 Acopa·

125 2277 214 2364 silai·
231 2279 362 2360 episcopi
392 2283 501 2364 contra
527 2276 679 2342 Faustam
702 2276 899 2340 Manicheam
920 2277 1084 2340 secandam
1109 2277 1250 2341 aolamea

125 2381 163 2446 dc
174 2383 243 2446 aito
253 2384 507 2464 patriarcharum
514 2383 565 2447 ael
575 2384 684 2466 ripario
695 2383 923 2463 prophetaram.
939 2381 1017 2445 Item
1030 2383 1083 2446 deo
1094 2384 1249 2464 praticae)

123 2487 204 2554 liber
222 2489 383 2556 conlectus
414 2491 541 2555 uidetur
563 2509 581 2554 a
604 2490 726 2555 duobus
757 2485 909 2553 librariis:
938 2507 1069 2569 quorum
1093 2488 1170 2568 eins,
1194 2487 1248 2571 qui

122 2595 241 2677 priores
260 2593 292 2660 et
308 2597 438 2662 ultimos
456 2597 553 2662 libros
572 2595 720 2673 edolauIt,
734 2613 845 2658 manus
858 2595 1032 2659 litterarum
1046 2594 1142 2659 ductu
1155 2594 1246 2660 facile

123 2699 305 2781 dinoscitur,
337 2703 365 2767 is
395 2705 512 2782 autem,
544 2703 598 2784 qni
633 2701 782 2766 malorem
818 2699 920 2782 operis
954 2702 1074 2782 partem
1110 2699 1244 2782 seripsIt

123 2808 342 2872 auctoritatem
360 2827 448 2874 suam
468 2811 501 2873 et
517 2808 688 2873 maioribus
705 2789 821 2870 lictoris
835 2809 868 2870 et
881 2805 1100 2889 orthographia
1114 2807 1244 2889 paulum

121 2907 311 2996 dIscrepanti
333 2915 445 2997 prodIt.
471 2917 627 2979 correctus
652 2915 826 2978 astantem
854 2931 914 2976 non
943 2912 1045 2975 solum
1068 2929 1087 2974 a
1107 2911 1242 2994 librariis
1351 2933 1354 2938 ·

116 3017 208 3101 ‘Ipsis
232 3020 286 3102 qui
316 3020 437 3085 liiteras
468 3021 678 3085 redundantes
710 3020 825 3084 lineola
855 3017 1004 3100 perducta
1036 3018 1240 3097 sustulerunt,

118 3126 274 3190 uocabula
303 3127 385 3191 inter
415 3127 612 3192 scribendum
644 3125 761 3191 omissa
791 3143 884 3207 super
914 3123 1028 3186 lineam
1058 3118 1257 3205 posuerunt,
1298 3112 1300 3117 ’

120 3250 214 3314 super
234 3232 356 3297 litteras
378 3251 537 3316 perperam
562 3235 700 3296 exaratas
723 3231 835 3314 probas
863 3227 1156 3311 superscripserunt,
1184 3228 1246 3293 sed.

119 3336 213 3401 etiam
235 3356 330 3402 manu
351 3339 469 3403 recenti
500 3338 692 3403 correctoris.
726 3337 815 3401 cuius
838 3354 931 3417 opera
953 3333 1067 3398 finibus
1089 3351 1150 3397 non
1171 3336 1238 3397 tam
1265 3360 1267 3362 ·

116 3444 259 3527 angustis
282 3445 516 3527 circumscripta
534 3447 594 3508 est.
613 3443 668 3508 sed
685 3443 806 3506 utinam
823 3443 877 3506 ille
896 3441 1080 3506 emendandi
1097 3439 1236 3506 studium

116 3550 315 3615 coercuisset.
347 3570 419 3614 nam
450 3553 488 3614 ut
522 3550 671 3631 quaedam
709 3549 874 3614 maximam
908 3550 1027 3630 partem
1063 3545 1235 3613 leuidensia

115 3656 227 3720 menda
249 3656 381 3721 sustulit
402 3656 582 3740 corrigendo
600 3656 732 3734 litteras,
751 3654 895 3726 addendo¹
909 3653 1080 3718 delendoue
1098 3651 1232 3736 syllabas

113 3761 239 3843 punctis
253 3761 435 3845 suppositis,
450 3761 496 3825 ita
508 3761 695 3844 saepIssime
710 3760 806 3824 uerba
823 3758 960 3823 auctoris
972 3759 1064 3824 *bona
1085 3757 1230 3839 corrupit,

128 4029 129 4034 ,
150 3977 169 4047 ¹)
180 3977 233 4059 (lis
246 3968 494 4048 LeopoldiDelisle
511 3976 622 4032 Notices
641 3993 686 4031 sur
702 3976 832 4047 plusieurs
851 3976 957 4030 anclens
976 3976 1132 4030 manuscrits
1150 3973 1183 4028 de
1201 3975 1229 4028 la

110 4063 300 4134 Bibliolhbqne
318 4064 351 4120 do
368 4065 452 4134 Lyon.
468 4063 553 4129 Paris,
571 4063 640 4124 1880
657 4080 718 4134 pag.
736 4064 788 4118 390
806 4080 863 4132 sqq.
895 4122 896 4125 Ἴ

1024 4156 1026 4160 ⁴
1143 4167 1192 4218 *c*
