2940 4628
424 209 1056 299 11111111111111111111111111.
1251 242 1312 306 961

193 433 329 512 ¹femmam
343 435 471 491 nostrum
486 450 576 506 genus
595 433 755 506 oportuisse
770 433 904 503 liberari,
924 436 956 491 ut
970 435 1102 507 quoniam
1120 453 1172 509 per
1187 436 1321 495 feminam

196 539 272 580 mors
294 523 371 581 fecta
395 525 446 588 est,
470 539 522 596 per
544 521 678 579 feminam
701 521 761 579 nita
783 524 1007 595 recuperaretur,
1031 526 1116 596 atque
1138 524 1180 582 ita
1203 523 1319 584 demon-

196 613 334 668 straretur
355 626 413 668 non
430 601 527 685 'ipsam
551 613 709 668 creaturam
727 610 878 668 femineam
899 627 961 668 esse
978 612 1157 684 culpandam,
1178 613 1257 672 cuius
1277 617 1321 672 est

197 700 266 757 deus
303 699 442 768 conditor,
475 700 526 757 sed
557 699 743 776 uoluntatem,
777 713 833 772 qua
863 700 925 756 Ena
960 701 1099 772 peccauit.
1133 702 1185 760 111
1220 703 1321 760 timent

166 787 354 846 ⁵maiestatis
379 788 456 845 illam
478 787 750 860 incoinquinabilem
774 790 803 844 et
826 787 997 847 ineffabilem
1025 790 1183 863 potentiam
1210 791 1240 849 in
1263 791 1319 849 uir-

196 877 279 949 gineo
308 878 388 934 utero
418 877 532 934 credere
559 875 657 946 fuisse,
681 893 717 934 ne
745 876 883 949 sanguine
912 877 972 935 eius
994 877 1179 950 pollueretur,
1205 896 1267 937 curn
1292 882 1321 937 et

195 966 225 1022 in
257 964 395 1038 apostolis
427 967 456 1023 et
485 965 515 1023 in
546 964 642 1022 multis
675 964 770 1038 <lignis
800 964 915 1023 feminis
939 968 968 1023 et
989 966 1163 1025 habitauerit
1190 969 1219 1026 et
1244 985 1320 1026 nunc

146 1072 151 1083 ·
195 1053 314 1122 habitet,
340 1053 508 1126 quietique
532 1069 651 1127 corpora
673 1054 781 1111 habent
804 1056 832 1111 11
854 1054 1021 1127 sanguinem
1051 1055 1166 1114 habent.
1191 1056 1217 1114 si
1246 1047 1319 1114 inim

195 1142 224 1199 in
247 1143 338 1200 Maria
361 1142 538 1215 coinquinari
560 1141 663 1216 potuit,
689 1142 768 1200 etin
792 1141 923 1201 omnibus
950 1145 1001 1216 pot
1022 1143 1060 1213 ‘t;
1088 1144 1112 1202 si
1140 1148 1234 1203 autem
1262 1161 1320 1204 nou

155 1241 179 1279 10
195 1232 289 1304 potuit
319 1231 349 1288 in
380 1230 447 1300 illis,
471 1231 568 1303 utique
599 1248 653 1288 nec
682 1231 712 1289 in
734 1230 825 1288 Maria
855 1231 958 1305 potuit,
987 1231 1016 1289 in
1049 1230 1128 1291 cuius
1160 1233 1318 1292 uisceribns

196 1318 406 1392 susceptionem
430 1313 557 1393 corporis
581 1321 697 1392 operata
720 1322 765 1377 est
787 1319 832 1377 111
855 1319 1005 1394 sapientia.

239 1402 293 1467 24.
319 1407 399 1466 (lente
426 1407 519 1482 ipsum
542 1408 740 1466 Manichaeum
769 1409 802 1466 de
830 1409 911 1480 petre
939 1410 1024 1481 atque
1048 1409 1082 1467 de
1110 1411 1199 1468 matre
1222 1412 1319 1468 natum

195 1495 284 1554 fuisse
307 1512 365 1554 non
387 1496 543 1570 negabunt,
565 1496 645 1556 cuius
668 1497 792 1554 animam
810 1497 966 1555 secundum
989 1514 1070 1556 suum
1094 1515 1217 1556 errorem
1236 1499 1320 1557 deum

197 1602 259 1643 esse
292 1585 515 1658 omnipotentem
547 1584 676 1643 similiter
706 1603 765 1644 non
786 1586 942 1659 negabunt.
967 1586 1016 1658 qni
1039 1604 1069 1644 se
1092 1587 1164 1644 mira
1186 1587 1320 1660 snperbia

152 1683 176 1720 15
198 1673 379 1746 adsumptum
402 1691 420 1731 a
441 1673 554 1747 gemino
586 1690 647 1745 suo,
672 1674 727 1732 hoc
751 1676 795 1732 est
825 1674 928 1748 spiritu
950 1675 1059 1744 sancto,
1085 1692 1147 1732 esse
1170 1675 1318 1748 gloriatur.

197 1765 225 1820 et
251 1762 349 1833 utique
378 1761 403 1820 si
430 1761 561 1836 geminus
589 1764 634 1820 111
659 1761 777 1836 spiritus
800 1762 902 1833 sancti,
928 1764 957 1820 11
978 1762 1039 1836 ipse
1063 1763 1180 1837 spiritus
1203 1765 1319 1822 sanctus

197 1853 241 1909 est
264 1850 377 1923 etipse
400 1851 470 1914 deus
495 1851 674 1925 omnipotens
696 1854 729 1909 ut
750 1850 869 1925 spiritus
891 1852 1017 1910 sanctus.
1042 1852 1091 1924 qui
1114 1854 1209 1911 tamen
1226 1852 1319 1910 Mani-

198 1941 302 1997 chaeur
326 1955 438 1997 carnem
462 1939 571 2009 babuit,
594 1935 625 1997 in
648 1955 704 2012 qua
726 1939 751 1998 11
774 1939 973 2012 coinquinatus
997 1942 1041 1998 est
1062 1939 1180 2014 spiritus
1203 1942 1336 1999 sanctos

196 2031 246 2085 aut
269 2029 330 2085 eius
349 2028 444 2085 anima
461 2029 575 2102 gemina
593 2028 711 2101 spiritus
729 2027 831 2099 sancti,
852 2027 1090 2101 coinquinabilem
1110 2029 1192 2086 deum
1212 2028 1318 2087 colunt.

152 2124 178 2163 2⁰
194 2117 220 2175 si
244 2133 311 2174 uero
334 2132 475 2189 nusquam
499 2117 568 2175 1111
592 2116 800 2189 coinquinatur,
826 2133 888 2174 cum
912 2117 998 2184 etiam
1014 2116 1062 2174 lux
1081 2133 1231 2191 corporum
1254 2127 1319 2176 cae-

195 2205 309 2262 lestium
331 2220 421 2277 usque
444 2206 481 2262 ad
503 2206 594 2263 terras
616 2205 766 2278 perueniat
788 2205 818 2262 11
838 2221 896 2263 non
919 2205 1127 2278 coinquinetur,
1147 2221 1210 2263 cum
1228 2206 1319 2264 mani-

197 2293 302 2351 festum
325 2292 365 2351 sit
386 2293 476 2352 solem
498 2294 594 2363 istum,
619 2294 664 2351 cui
687 2310 761 2366 genu
783 2293 910 2373 flectunt,
934 2294 965 2351 iu
988 2293 1118 2352 omnibus
1145 2294 1319 2353 stercoribus

198 2383 227 2439 et
248 2382 399 2455 putoribus
430 2381 535 2452 radios,
549 2397 616 2440 suos
640 2381 799 2454 expandere
823 2384 852 2439 et
875 2398 923 2440 eos
950 2397 1089 2454 nusquam
1121 2381 1317 2454 coinquinari:

197 2471 330 2527 desinant
361 2470 558 2544 blasphemare
592 2472 621 2527 et
650 2471 752 2543 rogent
783 2470 876 2540 deum,
899 2473 933 2528 ut
958 2471 994 2528 ab
1027 2486 1121 2528 errore
1151 2470 1317 2530 liberentur.

152 2555 449 2630 ”incoinquinabilis
474 2558 548 2616 euim
582 2557 743 2616 substantia
769 2575 827 2616 uon
849 2558 914 2617 ideo
937 2576 996 2617 non
1019 2559 1227 2631 coinquinatur.
1252 2560 1318 2632 quia

195 2645 266 2703 nibil
297 2645 429 2719 adtingit,
454 2646 514 2704 sed·
528 2646 595 2720 quia
625 2647 774 2719 permanet
795 2646 825 2704 in
847 2663 900 2705 sua
929 2646 1078 2716 munditia,
1112 2648 1316 2721 qualecumque

195 2735 234 2793 111
256 2733 391 2807 quicquid
414 2734 558 2809 adtigerit.
582 2734 657 2794 sicut
679 2751 782 2809 corpus
804 2735 1012 2802 inuulnerabile
1035 2738 1085 2794 aut
1109 2735 1317 2811 inpenetrabile

195 2823 332 2895 numquid
354 2822 426 2881 illud
445 2823 574 2894 dicimus,
595 2823 672 2897 quod
688 2840 747 2882 non
764 2824 924 2897 percutitur
941 2823 1026 2893 ferro,
1047 2825 1098 2882 111
1115 2825 1221 2898 potius,
1241 2824 1318 2898 quod

196 2912 281 2976 etiam
301 2928 363 2970 cum
386 2912 544 2985 percutitur
561 2929 619 2971 non
636 2913 825 2986 penetratur?
848 2914 877 2971 et
894 2912 959 2971 ideo
978 2912 1070 2986 magis
1087 2912 1225 2986 probatur
1241 2912 1317 2971 filius

156 3005 181 3044 ³⁰
196 3001 242 3058 dei
264 3016 322 3059 non
343 3017 429 3073 posse
453 3000 487 3058 11
511 3000 650 3075 sanguine
672 3000 795 3059 feminae
819 3000 1007 3073 coinquinari,
1028 3001 1095 3074 quia
1112 3018 1164 3075 per
1182 3001 1316 3060 feminam

194 3090 279 3147 natus
311 3091 363 3147 est.
388 3104 558 3162 quamquam
580 3089 605 3147 si
628 3105 686 3148 non
716 3106 767 3162 per
795 3089 929 3147 feminam
951 3091 1117 3156 nasceretur
1139 3091 1168 3148 et
1189 3090 1316 3151 membra

194 3177 245 3236 illa
267 3177 440 3247 1111111111,
468 3178 614 3236 uideretur
639 3176 782 3241 iudicasse
804 3194 891 3251 posse
915 3195 946 3236 se
968 3179 1035 3236 inde
1057 3177 1148 3252 pollui
1171 3179 1201 3237 11
1221 3177 1315 3237 nunus

195 3267 318 3325 anobis
340 3266 461 3324 fidenter
482 3265 734 3339 incoinquinabihs
757 3266 907 3324 (liceretur.
934 3266 1112 3325 consecrauit
1138 3267 1234 3325 autern
1255 3266 1315 3324 uir-

196 3355 353 3428 ginitatem,
374 3355 441 3427 quia
463 3355 498 3412 11
521 3355 632 3429 uirgine
654 3354 734 3412 nasci
756 3354 849 3412 uoluit
872 3355 901 3411 11
922 3355 984 3413 sola
1005 3354 1048 3412 illi
1070 3356 1162 3412 mater
1183 3355 1315 3413 interris

233 3575 244 3626 1
264 3574 376 3627 liberare
394 3574 421 3626 P
490 3575 505 3628 3
530 3574 682 3643 femineam]
705 3574 824 3628 feminee
843 3591 919 3628 amen
943 3591 971 3627 ee
989 3575 1017 3628 P
1033 3573 1094 3628 fei'e
1113 3574 1148 3626 M
1215 3575 1234 3626 4
1252 3574 1315 3643 qua]

197 3652 248 3713 qua
271 3645 297 3697 V
365 3645 674 3768 binguoinquinabilem
696 3646 747 3698 VP
827 3645 856 3698 in
874 3645 1010 3715 uirgineo]
1028 3645 1150 3714 uirffl‘neo
1168 3643 1199 3696 F
1213 3644 1241 3696 in
1259 3645 1314 3697 uir-

196 3716 265 3784 ginis
283 3715 344 3768 MP
395 3716 411 3768 6
449 3717 609 3784 eeanguine
626 3716 654 3769 P
722 3717 856 3785 polluetur
872 3716 900 3769 P
970 3716 1032 3769 Vin
1050 3715 1154 3784 multis]
1172 3714 1264 3768 multis
1282 3715 1319 3767 M

195 3785 386 3854 inhabitabant
406 3786 434 3840 P
520 3787 589 3841 811
610 3803 660 3841 om.
684 3785 743 3840 FV
764 3787 927 3840 et-habent
949 3801 1002 3840 om.
1021 3787 1049 3840 P
1136 3785 1265 3856 sanguiue
1292 3783 1319 3836 V

189 3857 212 3924 ‚9
232 3858 302 3911 omni
325 3856 351 3908 V
410 3856 443 3910 12
461 3855 494 3910 11
512 3858 608 3927 matre]
624 3860 709 3911 matre
727 3858 791 3911 PM
851 3859 884 3911 13
902 3858 990 3911 anima
1007 3857 1091 3910 FVP
1152 3858 1186 3911 14
1204 3857 1269 3909 mire
1293 3855 1319 3908 V

198 3929 229 3981 15
244 3928 528 4051 αεευωρωωὶαεεπο
543 3928 570 3979 Ρ
639 3929 743 3999 spiritu]
758 3929 791 3983 eb
807 3944 845 4051 SV
864 3928 891 3981 V
902 3928 948 3982 aba
962 3944 1001 3998 ep.
1015 3929 1043 3981 P
1095 3928 1128 3981 16
1147 3927 1259 3997 geminis
1272 3924 1303 3977 F
1308 3928 1316 3962 ¹

196 4001 302 4063 sanctus
320 4016 358 4069 sp.
381 3998 408 4052 V
432 3999 467 4052 M
530 3999 745 4068 2300s1eiso1
831 3997 1128 4067 bincoinquinaturV
1189 3998 1222 4051 27
1241 4013 1314 4065 qure-

196 4069 255 4138 quit
272 4070 299 4123 V
349 4069 382 4122 28
399 4086 452 4122 non
466 4069 837 4139 percutitur]percutimurP
887 4071 921 4123 29
934 4069 1005 4122 illius
1018 4068 1062 4122 F¹
1115 4069 1181 4124 301
1195 4068 1314 4136 coinqui-

195 4140 252 4204 nari
268 4141 296 4193 P
347 4141 379 4193 31
400 4140 569 4214 quemquam]
588 4156 665 4209 quam
685 4140 739 4192 M·
779 4141 814 4194 32
832 4140 965 4194 1111111111
983 4140 1011 4194 Ρ
1072 4139 1106 4193 34
1123 4139 1175 4210 illi]
1194 4138 1242 4192 ille
1265 4138 1316 4194 VP

1213 4241 1261 4296 61*
