2940 4628
474 295 515 349 de
542 294 624 349 fide
651 274 1066 350 contraManicheeos.
1260 293 1323 358 957

201 512 311 569 neque
343 493 462 562 ani-ma,
497 508 585 566 quae
619 493 805 552 eorundem
837 491 995 551 membris
1030 492 1222 560 tenebatur,
1260 490 1323 548 hac

202 584 386 644 occasione
408 581 526 640 laxata
549 582 668 640 euadit
690 584 723 640 et
745 597 805 640 sno
829 581 1014 654 purissimo
1038 580 1115 638 aeri
1138 580 1320 638 miscetur:

201 673 259 731 nbi
281 670 426 745 penitus
449 670 590 728 ablutae
613 670 747 728 animae
771 670 966 728 ascendunt
983 669 1024 726 ad
1046 668 1183 727 lucidas
1205 683 1320 736 naues,

202 776 289 834 qnae
321 760 390 818 sibi
422 758 462 816 ad
496 758 709 818 euectionem
742 761 842 830 atque
875 758 916 815 ad
948 774 1031 814 suae
1054 757 1190 830 patriae
1212 758 1322 814 trans-

170 849 426 908 ⁵fretationem
446 849 529 905 sunt
550 847 789 921 praeparatae.
1389 907 1392 915 ,

247 933 298 997 16.
322 937 361 995 Id
384 951 474 1006 uero,
499 936 588 1008 quod
611 936 722 993 adhuc
745 933 884 992 aduersi
906 932 1046 1008 generis
1074 932 1220 991 maculas
1242 948 1318 1005 por·

201 1029 261 1094 tat,
297 1042 358 1100 per
395 1026 514 1082 aestus
546 1028 648 1096 atque
685 1022 819 1082 calores
854 1021 1100 1096 particulatim
1136 1020 1319 1079 descendit

201 1117 306 1187 atque
330 1112 513 1171 arboribus
537 1112 736 1185 ceterisque
758 1111 1044 1184 plantationibus
1076 1126 1114 1167 ac
1141 1109 1229 1167 satis
1253 1124 1317 1167 om-

200 1202 300 1262 nibus
331 1200 495 1259 miscetur
526 1205 561 1259 et
591 1200 769 1270 coloribus
802 1198 954 1258 diuersis
986 1198 1161 1257 inficitur.
1192 1200 1225 1255 et
1252 1213 1316 1270 qno

157 1297 182 1335 1⁰
199 1296 300 1367 pacto
325 1307 363 1365 ex
384 1288 455 1348 ista
472 1306 593 1362 magna
611 1293 645 1347 et
663 1288 860 1347 clarissima
876 1287 959 1345 naui
977 1286 1117 1360 figurae
1135 1303 1317 1361 puerorum

201 1380 234 1437 et
269 1378 447 1452 uirginum
483 1381 607 1451 parent
642 1375 830 1436 contrariis
867 1375 1118 1449 potestatibus,
1157 1389 1242 1447 quae
1280 1373 1315 1432 in

200 1467 310 1526 caelis
342 1467 481 1540 degunt
511 1480 668 1539 quaeque·
697 1465 832 1539 igneam
867 1464 998 1536 babent
1028 1466 1185 1521 naturam
1212 1464 1316 1534 atque

200 1573 237 1613 ex
268 1555 337 1614 isto
368 1556 511 1628 aspectu
542 1555 665 1613 decoro
698 1552 792 1611 uitae
823 1569 918 1627 pars,
952 1545 1036 1624 quae
1068 1551 1101 1609 in
1135 1551 1317 1627 earundem

198 1642 358 1702 membris
380 1643 536 1710 babetur,
555 1642 673 1700 laxata
691 1641 876 1700 deducitur
892 1657 953 1715 per
971 1639 1106 1698 calores
1125 1640 1315 1698 interram:

154 1737 179 1775 ¹⁵
200 1732 318 1790 eodem
348 1730 446 1789 modo
478 1730 579 1788 etiam
613 1729 787 1789 altissima
813 1729 877 1787 illa
903 1729 1029 1799 uirtus,
1060 1744 1148 1801 qnae
1176 1728 1208 1785 in
1236 1727 1315 1786 naui

197 1818 357 1882 uitalium
389 1834 551 1892 aquarum
583 1818 728 1888 habitat,
753 1817 787 1876 in
814 1815 1046 1876 similitudine
1075 1833 1254 1890 puerorum
1277 1833 1315 1874 ac

197 1907 369 1981 uirginum
393 1909 589 1965 sanctarum
613 1923 674 1980 per
696 1922 776 1965 suos
794 1905 938 1980 angelos
957 1906 1102 1979 adparet
1123 1904 1176 1963 bis
1199 1907 1312 1978 potes·

198 1996 340 2064 tatibus,
365 2011 504 2068 quarum
519 1998 644 2053 natura
661 1993 792 2068 frigida
811 1996 863 2052 est
881 1996 984 2066 atque
1002 1993 1140 2051 humida
1159 2007 1313 2065 quaeque

196 2083 230 2143 in
262 2083 370 2143 caelis
402 2084 584 2145 ordinatae
616 2085 704 2141 sunt.
738 2084 772 2140 et
802 2082 938 2155 quidem
970 2082 1033 2151 his,
1058 2098 1143 2154 quae
1166 2081 1314 2139 feminae

151 2175 284 2242 usone,
317 2173 351 2230 in
383 2171 471 2246 ipsis
502 2172 610 2230 forma
640 2175 822 2245 puerorum
853 2171 1007 2244 adparet,
1039 2169 1202 2228 masculis
1233 2185 1312 2227 uero

195 2260 376 2335 uirginum.
399 2259 463 2317 bac
485 2276 566 2318 uero
589 2259 783 2318 motatione
802 2261 836 2317 et
854 2258 1069 2317 diuersitate
1092 2274 1313 2332 personarum

195 2349 388 2407 diuinarum
411 2365 448 2406 ac
470 2347 781 2422 pulcherrimarum
802 2346 961 2405 humidae
984 2346 1206 2421 frigidaeque
1234 2346 1312 2404 stir-

193 2437 248 2510 pis
278 2436 460 2510 principes
491 2436 640 2496 masculi
671 2452 731 2493 ssu
762 2434 910 2494 feminae
934 2435 1119 2494 s-olunntur
1141 2438 1243 2507 atque
1267 2434 1310 2499 id.

195 2524 283 2597 qnod
305 2524 344 2588 in,
361 2525 449 2598 ipsis
473 2527 527 2583 est
547 2523 665 2594 uitale,
682 2523 789 2598 fugit:
809 2524 898 2595 quod
916 2538 996 2582 uero
1016 2523 1198 2592 resederit,
1218 2523 1311 2581 laxa-

151 2615 262 2670 atum
294 2612 479 2670 deducitur
509 2613 543 2671 in
574 2615 700 2674 terram
731 2629 791 2686 per
823 2610 958 2686 frigora
981 2613 1014 2670 ot
1037 2611 1173 2670 cunctis
1195 2614 1310 2669 terrae

195 2701 381 2774 generibus
404 2702 627 2759 admiscetur.

240 2785 292 2848 lt.
317 2789 385 2858 Quis
407 2806 464 2848 non
488 2790 581 2848 rideat
601 2789 648 2847 nel
671 2789 767 2863 potius
798 2788 894 2847 doleat
917 2794 946 2847 et
977 2789 1134 2853 detestetur
1155 2788 1241 2846 istum
1262 2788 1311 2845 ho·

194 2876 298 2935 orinenr
320 2880 376 2934 tam
399 2879 543 2936 horrenda
565 2881 594 2936 et
617 2877 787 2936 execrabilia
805 2878 840 2935 de
855 2877 956 2936 ¹diuina
974 2877 1136 2936 substantia
1154 2876 1312 2936 dicentem?

196 2981 262 3037 ergo
286 2966 556 3036 substantiae'lnois
579 2968 721 3034 aeternae,
744 2965 820 3038 parti
847 2965 893 3023 dei
922 2966 952 3024 in
979 2965 1155 3038 captiuitate,
1179 2965 1207 3023 in
1236 2964 1312 3022 cala-

151 3057 177 3095 ³⁰
194 3054 349 3123 mitatibus,
373 3054 402 3112 in
425 3055 577 3125 aerumnis,
600 3054 630 3112 in
653 3053 803 3134 pressuris,
827 3053 857 3112 in
880 3054 1013 3113 sordibus
1036 3048 1121 3127 atque
1143 3053 1312 3112 inmunditia

194 3142 350 3200 secundum
381 3145 505 3201 uestrum
538 3159 669 3211 errorem,
701 3143 826 3199 nestram
858 3142 1088 3201 constitutionem
1120 3159 1178 3201 non
1199 3144 1313 3216 poterat

195 3229 277 3288 aliter
299 3231 403 3289 cotidie
426 3233 581 3303 subueniri,
599 3229 662 3289 nisi
684 3231 785 3289 beatus
806 3232 897 3304 pater,
922 3231 971 3303 qni
992 3243 1081 3288 nanos
1098 3230 1208 3290 lucidas
1226 3231 1313 3288 habet

231 3485 240 3534 1
271 3482 426 3537 tenebretur
447 3482 477 3536 F
500 3484 669 3539 tenebtratur
696 3484 723 3535 V
748 3484 908 3538 tenebantur
928 3483 956 3537 P
1068 3500 1098 3537 ec
1130 3484 1265 3538 occasione
1288 3484 1312 3535 V

195 3551 360 3606 ‘ZeuadetP
412 3554 515 3607 aereV
564 3555 684 3608 miscitur
698 3553 762 3607 VIf1
814 3554 1002 3608 delaecionem
1020 3553 1047 3606 P
1098 3555 1245 3623 suapatria
1262 3554 1311 3608 VP

194 3621 410 3678 transfretatione
432 3625 459 3678 V
475 3631 503 3678 et
520 3627 736 3679 transfretatione
754 3626 782 3678 P
816 3627 830 3677 7
850 3628 936 3678 estum
952 3624 979 3677 V
994 3628 1082 3693 pstum
1095 3625 1123 3679 P
1174 3625 1312 3678 coloresP

194 3691 269 3762 8'ec]
287 3693 337 3748 hee
350 3694 377 3748 P
413 3696 444 3749 10
463 3696 550 3766 pacto]
570 3697 641 3750 facto
654 3696 745 3750 FPM
795 3696 878 3748 exista
896 3695 921 3748 V
938 3695 1021 3749 exista
1035 3695 1061 3748 P
1113 3697 1141 3748 et
1158 3695 1310 3764 clarissima]

195 3762 400 3833 polarissimaP
467 3783 536 3826 naue
549 3767 577 3820 P
625 3770 656 3821 11
673 3762 820 3836 contrariis]
836 3769 926 3821 contra
940 3765 999 3818 aliis
1013 3766 1041 3818 P
1093 3766 1126 3818 12
1140 3766 1313 3835 quequemV

194 3835 283 3902 ignem
308 3834 358 3888 VP
408 3836 524 3891 habeant
541 3837 624 3891 FVP
676 3840 708 3891 lb
726 3837 774 3891 illa
787 3837 918 3891 altissima
930 3836 992 3889 PM
1039 3837 1071 3889 16
1085 3836 1113 3890 in
1127 3836 1311 3904 similitudino!

194 3905 370 3960 similitudine
398 3909 431 3960 M
456 3908 658 3963 similitudinem
690 3908 742 3961 VP
828 3909 861 3961 19
888 3906 1009 3962 ordinata
1039 3907 1088 3961 VP
1172 3906 1264 3961 femini
1286 3908 1313 3961 P

195 3976 230 4028 ‘20
246 3975 333 4044 inipsa
350 3977 377 4030 P
446 3979 556 4032 masculi
572 3980 601 4032 P
673 3980 706 4031 21
725 3977 775 4032 bac
793 3979 866 4047 uero]
885 3995 915 4032 ac
932 3977 1021 4031 ΝΜ
1040 3978 1088 4031 hac
1105 3977 1133 4030 P
1200 3979 1310 4032 mutati·

195 4054 244 4100 one
262 4045 289 4099 P
359 4048 515 4103 diuersitate
532 4050 560 4103 P
610 4049 645 4102 22
664 4066 693 4102 ac
721 4048 789 4103 hanc
811 4049 838 4102 V
888 4048 921 4102 23
940 4049 1060 4117 princeps
1078 4046 1145 4102 PF¹
1211 4049 1268 4103 siue
1286 4049 1313 4102 P

194 4114 229 4167 24
248 4120 313 4185 quot
330 4135 392 4172 uero
412 4120 439 4172 P
487 4121 523 4174 25
541 4119 675 4174 reducitur
768 4121 800 4173 27
820 4119 975 4173 detestatur
987 4118 1045 4173 FV
1095 4119 1129 4173 28
1147 4119 1313 4174 horrendoP

195 4185 240 4254 de]
257 4202 307 4241 om.
330 4189 357 4243 V
442 4191 476 4244 29
494 4191 651 4261 captiuitete
669 4191 696 4244 P
781 4190 816 4243 30
835 4190 949 4244 erumnis
966 4190 997 4243 F
1072 4189 1107 4243 32
1126 4190 1314 4244 subuenircV
