2940 4628
210 259 271 323 XII
663 261 875 315 Praefatio.

213 453 317 518 10800
350 452 429 536 sign.
462 471 542 516 saec.
576 452 740 516 vnn-X
770 473 866 518 uuum
898 455 1007 520 folium
1039 460 1161 521 tantum
1193 459 1326 540 idquea

210 559 303 623 tineis
335 559 427 623 ualde
459 578 583 624 erosum
616 562 716 624 exstat
739 598 781 607 —
805 563 964 626 saeculum
988 565 1016 626 X
1039 564 1191 648 attingere
1213 566 1328 647 fertur·;

211 684 283 728 nam
306 684 324 729 0
345 665 598 735 Reifferscheidio
621 667 653 729 in
677 686 712 730 eo
734 667 825 745 libro,
850 669 902 750 qui
929 669 1108 733 inscribitur
1134 671 1329 735 Bibliotheca

209 772 338 835 Patrum
360 771 541 835 Latinorum
564 772 670 836 italica
691 773 756 838 uol.
780 773 812 836 ΙΙ
833 795 863 855 p.
889 775 927 837 17
957 775 995 837 ad
1023 777 1182 839 saeculum
1210 779 1272 840 x-
1283 777 1328 839 XI

211 877 351 955 refertur,
376 876 409 942 0.
433 878 564 955 Wotke,
589 879 643 959 qui
669 878 878 943 intercedente
908 879 945 946 G.
969 881 1108 945 Hartelio
1137 882 1204 945 eius
1234 883 1329 946 colla-

214 984 329 1048 tionem
356 1003 461 1047 meum
488 983 520 1047 in
548 1004 641 1048 usum
669 984 811 1063 confecit,
840 986 978 1050 codicem
1006 988 1131 1051 saeculo
1154 989 1182 1051 X
1204 988 1330 1052 ineunte

212 1089 402 1171 descriptum
432 1109 500 1170 esse
533 1090 675 1157 affirmat.
709 1110 801 1172 quarn
838 1093 1023 1156 sententiam
1059 1094 1237 1175 amplector,
1270 1115 1330 1159 non

213 1215 275 1277 000
311 1195 359 1258 illi
394 1215 514 1278 parum,
546 1196 677 1260 nimium
712 1197 786 1260 huic
822 1198 967 1274 tribuam,
1005 1197 1060 1261 sed
1097 1198 1179 1278 quod
1216 1200 1331 1264 Wotlre

212 1302 375 1384 Agilul'pbi
398 1303 520 1366 abbatis
544 1300 745 1388 (803-001)
768 1302 842 1367 inici
864 1304 1053 1367 mentionem
1077 1305 1246 1383 contendit,
1271 1325 1332 1386 qua

213 1408 434 1472 memoratione
458 1409 574 1474 codicis
599 1425 697 1474 annus
720 1410 832 1474 natalis
852 1411 928 1474 satis
948 1411 1040 1474 certis
1058 1410 1197 1474 terminis
1216 1410 1330 1474 finitur.

213 1517 350 1578 cetemm
383 1514 450 1578 eius
484 1515 543 1578 erit
572 1515 746 1597 periculum
778 1517 810 1579 et
840 1519 1007 1598 praestare.
1032 1516 1170 1600 singulas
1202 1517 1332 1600 paginas

214 1620 314 1683 scriba
345 1620 419 1685 fecit
450 1640 600 1685 uersuum
632 1623 683 1684 28.
708 1622 900 1703 opusculum
924 1621 1009 1687 foliis
1034 1621 1216 1686 179‘2-1-91
1251 1641 1333 1686 com-

213 1726 422 1806 prehenditur.
445 1727 605 1810 inscriptio
628 1727 743 1792 litteris
766 1727 941 1792 uncialibus
964 1728 1065 1791 rubris
1094 1727 1235 1792 confecta
1256 1726 1332 1792 haec

214 1835 279 1895 est:
316 1831 431 1912 brccptt
461 1833 584 1897 Aurelii
614 1833 796 1914 Arryastc'ot
812 1833 848 1897 dc
878 1834 993 1897 derebus
1015 1833 1157 1909 'animia'
1194 1832 1333 1897 eiusdem

213 1937 298 2002 modi
328 1939 443 2003 litteris
476 1940 686 2022 subscriptum
723 1942 788 2004 cst:
825 1918 911 2020 altpt
939 1940 973 2002 c'n
1003 1919 1063 2018 apo
1093 1920 1147 2002 trio
1177 1921 1237 2002 otoo
1267 1919 1333 2004 tio.

215 2042 309 2106 codex
343 2044 379 2107 ab
411 2065 474 2108 uno
505 2045 629 2110 librario
662 2046 822 2110 confectus
855 2043 912 2111 est.
944 2045 1029 2130 idem
1059 2064 1137 2127 opus
1168 2044 1280 2128 relegit
1303 2045 1335 2130 ct

213 2150 394 2213 retractauit
430 2153 461 2214 et
495 2151 604 2216 multis
639 2151 727 2228 locis,
760 2151 814 2215 ubi
850 2153 1050 2234 archetypum
1087 2150 1201 2215 uitiose
1237 2152 1334 2213 trans·

215 2255 390 2336 scripserat,
423 2256 610 2335 emendauit,
645 2276 716 2321 cum
749 2269 807 2321 non
842 2258 944 2340 solum
975 2247 1097 2320 litteras
1127 2256 1334 2319 redundantes
1367 2266 1368 2269 ’

215 2360 340 2442 punctis
362 2361 441 2424 infra
464 2364 496 2425 ct
518 2381 612 2444 supra
633 2362 745 2445 positis
769 2363 888 2428 deleuit
910 2362 965 2426 scd
988 2363 1083 2425 otiam
1106 2361 1222 2426 omissa
1244 2379 1335 2424 uoca-

217 2467 292 2530 bula
323 2486 416 2548 supra
445 2469 561 2531 lineam
590 2468 660 2533 loco
683 2468 787 2533 debito
810 2467 1038 2550 'superscripsit
1060 2470 1092 2530 et
1115 2467 1245 2531 omissas
1269 2484 1336 2528 sen-

216 2573 330 2636 tentias
353 2573 384 2636 in
407 2575 544 2658 margine
568 2575 721 2657 apposuit.
742 2593 819 2656 quae
837 2574 954 2638 intacta
975 2573 1101 2654 reliquit
1123 2572 1202 2636 uitia
1220 2574 1334 2653 aperta,

218 2696 253 2740 ea
284 2698 448 2743 numerum
480 2681 627 2764 exiguum
658 2700 719 2745 non
752 2680 912 2745 excedunt.
946 2678 1001 2744 sed
1022 2678 1102 2742 liber
1124 2681 1265 2760 expertus
1289 2680 1337 2740 est

218 2787 398 2849 correctoris
421 2805 547 2849 manum
572 2788 672 2866 aetate
694 2787 758 2851 fore
781 2786 967 2868 coaequalis.
987 2803 1083 2866 aquo
1104 2782 1337 2865 quaeprofecta

219 2893 301 2968 sunt,
333 2910 433 2973 00000
465 2893 565 2956 multa
596 2895 670 2956 sunt
699 2911 798 2974 00000
836 2892 940 2957 omnia
972 2890 1134 2968 eiusmodi,
1168 2908 1245 2970 quae
1278 2888 1336 2952 tibi

219 2997 403 3077 probentur;
432 3017 503 3061 nam
531 3002 567 3062 ut
592 3000 646 3063 ille
673 2999 756 3063 leuia
783 2995 931 3080 quaedam
960 2996 1073 3061 menda
1100 2996 1240 3074 sustulit,
1266 2995 1336 3073 alia,

219 3121 298 3183 0000
329 3122 422 3166 0000
454 3105 553 3186 prima
582 3105 662 3169 inter
694 3105 900 3182 scribendum,
931 3104 964 3169 id
1001 3103 1083 3184 quod
1117 3121 1185 3167 raro
1222 3101 1335 3180 euenit,

221 3211 336 3275 omissa
358 3214 454 3288 erant,
477 3212 509 3274 in
532 3213 670 3296 margine
694 3211 863 3293 suppleuit,
881 3211 925 3274 ita
943 3210 1107 3274 nonnullas
1125 3208 1223 3273 bonas
1242 3207 1336 3290 scrip-

219 3317 305 3380 turas
329 3319 360 3379 et
383 3336 461 3397 0000
485 3318 676 3401 corruptelae
700 3316 886 3399 suspicionis
906 3317 1043 3397 expertes
1063 3314 1126 3378 sint
1144 3313 1337 3397 deprauauit,

221 3423 309 3485 uelut
340 3442 411 3485 000
444 3424 552 3500 55,18
585 3424 624 3488 00
659 3442 768 3488 00000
801 3440 878 3502 0000
915 3425 964 3486 est
998 3421 1111 3484 distare
1141 3422 1156 3483 t
1184 3419 1337 3496 litteram,

221 3529 317 3604 54,4
350 3527 388 3590 ad
424 3528 527 3591 uidero
567 3529 721 3613 uirgulam
753 3530 784 3591 et
814 3530 829 3590 t
867 3527 1002 3590 litteram
1043 3524 1260 3616 adglutinauit,
1302 3527 1338 3588 ut

222 3637 345 3718 cognita
368 3637 468 3719 magis
493 3636 672 3701 obscuraret
694 3655 786 3718 quam
811 3634 1025 3718 cognoscenda
1045 3620 1225 3697 illustraret.
1246 3649 1337 3712 quem

221 3741 335 3804 librum
357 3742 433 3806 licet
461 3745 562 3806 aetate
589 3762 649 3808 non
677 3760 862 3826 magnopere
887 3740 1119 3805 commendetur
1140 3741 1173 3802 at
1194 3737 1339 3817 uniuerso

222 3847 380 3911 arbitranti
414 3849 484 3926 fide,
524 3848 636 3931 quippe
675 3850 727 3930 qui
763 3847 932 3930 Augustini
962 3846 1058 3909 uerba
1088 3847 1120 3908 et
1156 3843 1272 3925 optime
1308 3846 1340 3906 ct

222 3954 400 4035 plenissime
429 3954 610 4031 seruauerit,
639 3974 711 4019 cum
738 3954 848 4018 ducem
877 3953 936 4017 sim
964 3955 1090 4016 secutus
1117 3950 1149 4012 in
1176 3952 1263 4013 textu
1286 3949 1339 4030 qui

224 4060 337 4123 dicitur
362 4059 550 4142 retingendo,
573 4078 673 4142 pauca
699 4059 792 4122 liceat
818 4057 928 4122 addere
953 4057 991 4120 de
1012 4056 1193 4121 mendorum
1218 4072 1338 4137 genere,

224 4166 335 4246 quibus
358 4167 538 4248 inquinatus
562 4168 620 4244 ost,
645 4167 705 4230 etsi
726 4165 754 4228 is
779 4163 832 4245 qui
855 4183 926 4227 eum
951 4162 1087 4226 exarabit
1108 4163 1172 4224 tam
1195 4158 1339 4242 religiose
